2242 4009
578 562 859 641 ADDENDA

664 814 768 829 -u

357 1110 401 1180 (Α)
416 1108 499 1165 Pelies
518 1106 622 1182 equinas
640 1105 713 1163 etiarn
732 1105 799 1180 apud
811 1122 858 1163 nos
876 1108 902 1163 hr

320 1193 416 1266 giectas
424 1192 510 1261 ruisse,
524 1190 646 1247 mirantur
658 1188 701 1265 qui
712 1189 839 1263 egregium
857 1208 902 1264 que

321 1287 390 1334 stant
403 1294 484 1346 usum,
500 1277 563 1331 berre
576 1285 677 1331 norunt.
693 1276 732 1330 Er
751 1274 782 1331 iis
795 1273 859 1331 enim
873 1291 902 1331 rer

319 1371 448 1435 tersperso
465 1358 559 1433 sinapis
577 1356 680 1426 semine,
701 1358 760 1417 iliud
781 1359 882 1434 peiliurn
900 1384 902 1430 r

321 1462 370 1501 nos
389 1460 478 1517 magna
497 1440 570 1517 copia
594 1440 725 1499 advehitur
743 1452 818 1516 atque
843 1444 902 1518 Char

320 1524 412 1583 confici
424 1535 532 1583 couuat.

358 1690 405 1760 (B)
422 1688 463 1747 hd
483 1705 603 1763 equorum
623 1689 716 1745 cultum
733 1699 758 1745 et
777 1689 895 1745 honorem

320 1772 450 1831 veneratio
470 1772 496 1828 ir
512 1790 562 1847 qua
578 1772 657 1829 cauda
669 1772 758 1846 equina
769 1772 824 1844 (der
835 1774 902 1829 Rosz

320 1874 396 1931 quam
415 1856 566 1931 precipuum
581 1854 677 1928 signum
686 1854 790 1912 militare
805 1856 902 1912 hodierr

324 1942 384 1997 Hoc
393 1938 513 2013 quidquid
528 1949 567 1995 est
582 1938 766 2013 superstitionis
787 1956 802 1994 e
825 1939 901 2012 Buiga

323 2022 349 2078 irr
365 2040 425 2079 suos
435 2023 586 2079 transtulere
607 2022 764 2079 Mahorredis
778 2023 901 2089 assec1ae‚r

323 2106 476 2164 deuictarum
498 2104 619 2163 institutis
642 2122 691 2162 uon
711 2105 868 2162 abhorruisse
897 2126 900 2162 r

323 2191 507 2249 adnotavimus.
522 2193 647 2267 Buigaros
663 2201 744 2249 autem
765 2208 779 2247 e
800 2193 900 2267 Septen!

323 2288 434 2332 ueterum
447 2276 594 2351 Scytharum
607 2274 697 2332 effusos
712 2274 787 2332 fuisse
807 2293 899 2333 conver

326 2361 421 2417 Eorum
441 2362 487 2417 hac
504 2371 557 2419 arte
572 2359 772 2437 superstitionem
793 2360 899 2435 improbi

325 2444 452 2519 responsis
465 2444 539 2501 ruodo
550 2444 680 2521 allegatis,
696 2448 711 2515 ᾗ
727 2462 767 2518 13,
780 2445 864 2521 appud
875 2446 898 2503 l.r

327 2557 339 2575 u
362 2528 472 2605 Qando
483 2529 594 2603 pralium
608 2529 669 2585 irrire
683 2528 750 2587 soiiti
763 2529 849 2601 eratis,
871 2529 897 2585 iu

325 2634 341 2664 a
360 2605 434 2669 terru's
446 2612 470 2669 in
484 2612 556 2687 signo
568 2612 667 2670 militari
682 2613 785 2671 caudam
800 2612 858 2690 equi
873 2632 897 2689 pr

327 2719 344 2750 ι
361 2697 469 2754 citamirri
488 2696 547 2771 quid
568 2716 633 2755 nunc
645 2698 699 2756 vice
718 2698 784 2755 iilius
798 2708 896 2773 portare

326 2804 341 2831 a
361 2782 427 2838 aiiud
444 2782 540 2857 utique,
560 2782 607 2838 rrisi
626 2784 721 2857 signum
748 2793 841 2840 sancte
863 2800 896 2839 err

327 2864 401 2921 etiarn
421 2876 592 2923 ornamentum
619 2884 683 2923 nunc
703 2865 860 2924 Mahumedis
882 2882 895 2923 a

327 2948 377 3018 (ein
400 2948 567 3007 Turehischer
595 2949 690 3023 Bund),
714 2948 829 3024 Buigaris
853 2948 895 3017 ori
