2242 4009
302 384 481 460 spergebantur,
500 391 575 432 carne
592 367 705 442 etadipe
716 364 755 420 uel
770 355 898 437 pinguedis

302 470 328 525 lae
352 467 513 544 parabantur.
535 460 632 513 Snorro
656 442 837 512 Sturlesonius,
860 439 885 496 in

301 551 416 609 aldelstrui
437 568 476 603 :n
492 541 609 600 Victima
618 535 791 609 coquebantur
803 525 898 601 paraba

303 639 392 695 «bum.
411 632 478 709 Ignis
497 627 553 686 fieri
566 626 591 681 in
606 619 687 679 media
700 612 787 690 templi
800 626 857 667 area
875 606 898 662 d<

303 716 521 793 «suspendebatur
540 710 632 765 ahena.
650 724 666 755 u
683 702 733 757 llae
744 688 898 753 commessati

300 802 429 876 Blorfagnut
446 798 471 854 in
483 793 557 867 Troia
574 790 650 863 Saga,
671 803 698 859 p.
722 797 754 854 45
773 796 780 835 :
800 776 898 831 «Parta

226 890 228 896 ’
301 906 316 939 ι
331 904 428 961 magnas
439 874 658 940 commessationes
671 864 780 925 instituit
790 857 898 919 Cassibel

304 940 898 1044 locislrequeuternominanturBleturislor.Histr

303 1055 343 1109 has
362 1045 580 1109 commessationes
600 1056 656 1097 cum
675 1032 755 1091 tribus
776 1022 898 1085 sacrificiis

303 1133 328 1180 et
337 1120 514 1180 universalibus
525 1108 654 1186 coniungit
663 1123 720 1179 cap.
741 1121 747 1158 ι
759 1118 787 1175 ¹7
800 1116 807 1154 ι
823 1117 837 1151 ιι
855 1096 898 1151 Co:

305 1205 448 1263 «dustria
466 1196 586 1258 sacrificia
609 1204 728 1268 peragere
749 1182 860 1259 qualibet
872 1180 898 1250 hp

305 1311 319 1343 r
336 1289 448 1365 quolibet
463 1302 529 1342 anuo
541 1276 676 1336 secundum
691 1268 805 1344 superius
819 1265 896 1332 dicta)

307 1395 321 1426 e
337 1383 432 1445 tumuo,
445 1371 549 1427 alterum
560 1360 641 1419 media
655 1358 753 1429 hyeme,
770 1349 869 1407 tertium
884 1347 898 1401 ir

306 1460 430 1515 «Postea
450 1470 512 1511 vero
538 1462 612 1523 quam
631 1436 782 1498 christianus
800 1434 880 1489 lactus

307 1562 320 1593 a
338 1556 481 1599 consuetum
495 1548 590 1593 morem
602 1523 705 1583 retinuit
713 1519 797 1596 quoad
809 1532 898 1574 comme

308 1650 322 1679 ιι
339 1638 366 1685 ut
386 1628 410 1683 in
430 1635 552 1683 autumno
574 1613 668 1672 amicos
690 1606 722 1664 ad
746 1622 773 1663 se
792 1602 898 1659 invitare

309 1729 323 1758 o
340 1710 423 1783 hyeme
435 1700 633 1770 comessationes
644 1694 758 1750 lolenses
772 1684 884 1744 inuitatis

226 1817 227 1820 ’
310 1794 486 1859 acelebrarer,
502 1784 602 1845 tertiam
621 1796 681 1837 uero
705 1770 836 1833 paschatis
848 1779 898 1825 tem

226 1917 227 1920 ι
308 1897 324 1928 a
339 1876 429 1933 fiunem
441 1872 593 1937 institueret,
606 1875 632 1922 et
645 1879 700 1919 earn
713 1856 812 1934 quidem
825 1850 898 1924 homil

226 2011 227 2044 ,
309 1977 324 2006 ι
340 1970 465 2032 quentem.
478 1956 543 2011 »De
555 1946 677 2025 ejusmodi
691 1933 898 2001 comessationibu

226 2047 227 2102 l
309 2040 424 2114 Tacitus,
446 2040 564 2109 Annales,
586 2052 610 2105 r,
625 2050 650 2089 c.
674 2048 704 2103 50
723 2044 730 2082 :
750 2021 898 2081 «Attulerat

311 2148 325 2177 a
341 2125 428 2183 lestaru
439 2142 493 2182 earu
503 2118 634 2179 Germanis
648 2122 746 2169 noctem
759 2125 788 2164 ac
805 2104 899 2162 solemn

312 2228 327 2259 a
344 2207 477 2265 dicrannn
497 2208 532 2263 Et
551 2200 656 2277 capos
676 2214 684 2251 ι
705 2195 798 2250 «Cum
818 2188 898 2246 barba

312 2312 324 2337 ι
344 2290 401 2347 laeto
411 2303 486 2347 cantu
501 2298 544 2346 aut
561 2283 626 2343 truci
640 2299 704 2338 sono
718 2276 830 2351 subjecta
851 2272 899 2329 vall

314 2392 327 2425 ι
343 2375 418 2431 taulis
443 2377 523 2433 saltus
546 2370 710 2445 complerent.
729 2386 744 2417 u
762 2360 805 2418 Cl.
825 2360 898 2431 Greg‹

312 2458 342 2511 ad
366 2460 487 2517 Mellitarn
508 2458 638 2523 Allatem3
667 2466 761 2526 operum
790 2461 842 2520 quae
867 2444 898 2499 Lr

313 2556 363 2597 fam
381 2544 497 2617 prodiere,
518 2553 581 2600 torn.
604 2540 640 2610 ll,
666 2535 710 2592 lib.
732 2534 783 2603 Xl,
809 2528 884 2602 epist.

313 2623 476 2717 Turonensis,
488 2627 533 2684 lib.
552 2627 580 2681 de
590 2620 669 2698 gloria
682 2618 850 2685 confessorum,
863 2629 886 2666 c.

312 2728 327 2759 s
344 2726 368 2765 ιιι
379 2712 530 2769 Gabalitano
544 2704 683 2774 territorio,
699 2708 865 2775 cognomento
886 2694 898 2747 l

314 2811 328 2841 u
346 2792 438 2852 habens
452 2812 569 2871 magnum
584 2812 591 2849 :
606 2791 637 2849 ad
657 2804 730 2863 quem
752 2792 822 2841 certo
836 2790 898 2849 temp

315 2894 329 2924 <t
347 2878 495 2969 rusticorum
517 2877 587 2955 quasi
609 2872 724 2931 libamina
743 2865 806 2925 lacui
822 2862 856 2919 illi
877 2877 898 2915 eu

314 2973 329 3003 (ι
346 2974 426 3017 antina
436 2963 584 3038 projiciebat
596 2978 625 3017 ac
644 2972 749 3033 pannos,
765 2948 807 3026 qui
828 2946 860 3002 ad
874 2960 898 2999 us
