2242 4009
1086 251 1370 305 ...60-

450 375 675 445 rivanda,
704 373 897 430 scilicet
922 383 1009 429 aut
1047 372 1112 428 ab
1136 370 1406 428 ambitione
1440 389 1499 428 ac
1526 390 1762 446 perverso
1796 377 2037 437 desiderio

452 459 619 534 jugum
648 454 970 515 conscientiis
992 454 1142 512 etiam
1173 454 1480 529 imponendi,
1517 457 1660 530 quod
1690 459 1920 533 speciosa
1954 464 2039 519 zeli

451 543 604 600 divini
633 542 768 597 larva
785 538 1013 614 tegitur-3
1055 548 1142 595 aut
1189 539 1253 595 ab
1287 538 1472 597 invidia
1513 541 1690 597 alienae
1702 544 2042 618 prosperitatis

450 641 502 685 et
524 625 799 701 cupiditate
844 625 974 681 bona
1020 623 1385 680 accumulandi.
1427 626 1651 681 Fuerunt
1685 626 1916 699 equidem
1943 629 2042 685 haec

450 713 724 769 animorum
761 727 914 785 prava
940 709 1187 766 desideria
1219 727 1250 766 a
1290 708 1462 784 primis
1511 710 1824 767 incunabulis
1856 714 2041 785 peccati

450 793 726 869 originalis,
744 813 859 870 quae
887 804 1046 851 totum
1075 810 1235 867 genus
1255 780 1527 850 humanum
1557 805 1697 868 peste
1721 812 1812 850 sua
1834 794 2041 865 invasit3

452 898 553 937 non
579 890 743 936 tamen
773 895 846 935 eae
868 873 1068 934 fuerunt
1089 875 1380 933 occasiones
1409 888 1500 935 aut
1512 877 1814 935 tentationes
1838 878 2043 952 majori-

454 963 547 1020 bus
579 962 760 1020 nostris
796 963 927 1019 bona
955 959 1245 1035 temporalia
1289 971 1342 1017 et
1376 960 1576 1017 divitias
1616 959 1968 1035 amplificandi,
1995 977 2047 1020 ut

448 1045 689 1120 gentibus
710 1044 918 1121 simplici
937 1044 1053 1102 vitae
1092 1042 1273 1101 rationi
1297 1061 1461 1117 neque
1489 1043 1618 1101 adeo
1643 1043 1908 1101 insatiabili
1924 1063 2046 1103 ava-

453 1129 582 1187 ritiae
605 1128 844 1186 assuevit.
879 1128 1145 1203 Imperium
1175 1127 1224 1183 in
1251 1126 1405 1184 laicos
1444 1145 1587 1201 aeque
1619 1127 1716 1184 illis
1738 1129 2048 1203 temporibus

452 1213 547 1269 sibi
574 1215 866 1269 asserebant
893 1212 1130 1283 Druides,
1151 1229 1296 1286 quam
1343 1210 1549 1283 nostris,
1575 1221 1626 1268 et
1653 1211 2046 1271 efficacissimum

452 1296 573 1352 illud
616 1294 875 1352 obtinendi
922 1294 1160 1367 medium,
1204 1311 1461 1351 sacrorum
1509 1294 1815 1368 interdictio,
1855 1297 2047 1356 animos

450 1378 686 1454 simplicis
710 1378 870 1453 plebis
894 1378 1096 1436 nimium
1127 1390 1368 1454 quantum
1391 1378 1742 1437 fascinaverat.
1769 1380 1873 1437 Sed
1903 1398 1918 1435 z

526 1567 749 1625 Claudite
763 1566 868 1640 jam
895 1566 1037 1640 rivos,
1058 1568 1214 1662 pueri,
1242 1580 1317 1624 sat
1333 1580 1471 1644 prata
1508 1568 1738 1625 biberunt.
1768 1570 1914 1644 Virg.
