2242 4009
307 380 375 451 Rege
388 377 557 449 instituerant,
582 386 619 447 ut,
639 376 660 431 si
688 377 740 450 ipse
765 378 895 437 christiano

304 463 420 537 optimam
433 459 533 517 Suediae
540 460 667 533 regionem
686 478 760 536 quarn
775 463 858 527 vellet,
869 481 895 519 su

305 547 399 620 inqua,
413 544 550 601 Ecclesiam
563 555 588 600 et
601 542 734 601 christiana
748 564 819 605 sacra
832 566 895 605 cons

301 631 331 688 de
342 632 437 705 populu
449 628 498 684 vinr
508 628 643 684 recedendi
666 647 680 685 a
693 631 791 686 cultura
815 633 895 688 Deorn

301 715 341 789 qui
355 724 446 788 sponte
459 712 492 768 ad
504 712 632 769 Christum
651 714 725 769 vellet
743 716 864 771 converti.
886 720 895 771 l

302 801 393 874 placito
405 796 516 871 gavisus,
536 816 595 853 mox
610 798 635 852 in
655 798 812 855 Occidentali
833 800 895 855 Gotl

300 884 412 959 proxima
424 893 463 938 est
473 882 512 937 vel
528 883 668 937 Norruanni
681 882 816 939 Ecclesiam
832 886 885 939 Deo

298 966 365 1023 davit
384 964 560 1039 episcopalem.
590 965 632 1021 Cl.
650 966 706 1021 lob.
730 966 841 1039 Schcfferr'
863 968 895 1040 Ur

298 1050 425 1106 Outinant
437 1048 567 1104 christiani
582 1049 660 1105 nostri
680 1067 710 1104 ex
724 1050 769 1104 hac
779 1050 895 1123 gentiliun

297 1143 348 1189 tunr
358 1130 509 1188 hausissent!
527 1132 588 1187 Non
603 1141 674 1187 tanto
686 1133 895 1205 sanguineGernn

298 1217 408 1274 stetisset
418 1216 472 1270 Pau
485 1215 675 1288 westphalica;
689 1234 738 1272 nou
753 1218 895 1290 Inquisitior

297 1300 401 1356 barbara
411 1297 510 1354 uomina
526 1300 644 1354 exulente
661 1300 782 1356 charitate
794 1302 894 1359 christia

297 1393 344 1455 tur,
359 1400 442 1456 neque
455 1382 595 1438 inhumane
608 1401 696 1455 voces,
717 1385 831 1443 hereticis
850 1390 895 1444 nul]

297 1465 450 1536 servandam,
465 1477 513 1522 etc.
531 1468 675 1523 Nontantae
686 1469 836 1526 calamitates
857 1474 895 1527 sul

298 1551 412 1607 Electorc
430 1550 562 1622 Saxuuiaru
582 1550 634 1605 suis
662 1570 725 1624 pene
745 1553 821 1609 ruinis
847 1554 895 1611 invi

296 1635 499 1692 Crelliauacausa
509 1652 581 1690 secus
593 1652 665 1707 quarn
680 1652 725 1708 par
735 1647 788 1692 erat
797 1637 895 1695 discussi

295 1718 401 1775 Reddita
414 1719 517 1774 luissent
540 1719 668 1775 Bohenriae
691 1737 760 1776 sacra
784 1721 883 1795 puriora

295 1804 394 1877 elaps03
408 1801 549 1859 introducta
559 1802 704 1859 Coloniensi
717 1804 804 1860 ditioni
816 1823 881 1861 anno

296 1888 384 1961 Neque
398 1904 426 1941 ea
437 1887 627 1943 christianorum
642 1886 760 1959 societas,
773 1906 827 1961 quae
849 1908 895 1944 mar

294 1971 325 2027 ad
343 1982 417 2026 rectae
430 1989 458 2027 ac
470 1970 602 2044 genuinnae
615 1971 719 2028 rationis
732 1964 812 2044 risum,
826 1990 894 2029 macti

293 2054 363 2111 sisset
375 2055 471 2111 Serveti
492 2056 626 2131 supplicio,
649 2074 729 2131 neque
753 2058 891 2115 Barneveld

293 2139 407 2211 Synodus
420 2142 575 2197 Dortracena
588 2140 691 2214 ancipiti
713 2140 856 2197 defensione
874 2146 892 2198 hl

292 2224 387 2279 Credas
399 2224 429 2279 de
441 2235 525 2281 nostra
537 2226 610 2281 etiam
622 2234 696 2281 aetate
709 2226 763 2283 cani
786 2227 853 2300 quod
873 2230 891 2283 h

291 2310 322 2364 de
334 2309 461 2383 AEgyptiis
480 2329 485 2363 :

706 2394 820 2451 Summus
830 2399 890 2453 utrin

360 2479 417 2534 lndc
425 2478 497 2551 soror
506 2480 586 2552 vulgo,
597 2479 661 2552 quod
670 2478 768 2534 numina
784 2480 887 2537 airinom

360 2562 420 2626 Odit
431 2574 523 2636 uterque
533 2566 598 2620 locus
613 2582 664 2619 curn
675 2566 740 2619 solus
755 2564 832 2619 credat
843 2567 888 2621 hal

357 2646 415 2703 Esse
426 2649 499 2716 Deos,
509 2665 568 2720 quus
578 2646 625 2721 ipsc
639 2648 703 2704 colit.
767 2647 835 2719 (XV,
852 2653 883 2721 36

322 2816 362 2869 An
379 2812 454 2886 igitur
475 2814 562 2887 religio
577 2825 671 2871 tanturn
696 2816 782 2871 suadet
800 2818 886 2871 malon

286 2895 381 2955 Christi
399 2909 465 2954 certe
476 2900 514 2953 lex
530 2900 596 2954 nulla
618 2911 708 2970 exstat,
731 2918 785 2973 quae
801 2918 856 2955 euni
877 2918 885 2955 a

285 2982 439 3057 praescribat.
459 2982 565 3039 Aliunde
586 2984 660 3056 igitur
673 2984 744 3057 origo
759 2995 884 3040 tantorum
