2242 4009
1042 249 1324 320 ...46-

386 372 684 429 critudinem
716 372 1103 446 munditiemque
1138 372 1284 446 liujus
1308 373 1547 445 animaliS,
1571 392 1670 448 qua
1697 374 1825 431 inter
1864 376 1990 432 reli-

386 457 669 530 qua'omnia
711 456 893 512 eminet
919 460 1039 526 (A);
1083 456 1114 512 ii
1160 455 1308 512 etiam
1338 456 1423 529 qui
1459 458 1536 512 vel
1578 457 1869 531 ignorantes
1907 462 1988 515 vel

387 542 527 597 inviti
568 544 661 598 hoc
704 540 801 597 cibi
841 557 1022 613 genere
1058 540 1234 596 famem
1278 541 1540 610 satiarunt,
1601 560 1832 617 saporem
1878 542 1988 616 ejus

384 636 671 697 gratamque
700 624 1010 681 dulcedinem
1046 624 1168 681 mire
1191 625 1495 681 collaudant.

462 789 511 827 2.
544 772 645 845 Qi
694 782 944 849 praecepta
981 773 1150 831 divina
1193 774 1390 830 Israelis
1430 775 1617 851 populo
1663 776 1897 851 imposita
1940 777 1990 832 in

387 865 554 930 partes
593 866 794 928 vocant,
839 856 1019 931 quibus
1054 858 1248 931 equinae
1283 857 1447 913 carnis
1493 876 1631 927 usus,
1667 870 1724 916 ut
1775 858 1990 915 aliorum

389 938 669 995 animalium
708 939 1069 997 immundorum
1106 939 1401 996 interdictus
1447 953 1574 1013 erat,
1621 942 1736 998 novi
1784 941 1992 998 foederis

389 1024 595 1080 oraculo
619 1024 918 1095 refutantur,
952 1022 1149 1081 mundis
1173 1023 1340 1080 omnia
1361 1040 1469 1080 esse
1491 1024 1692 1097 munda,
1721 1043 1836 1082 cum
1864 1043 1993 1099 prae-

390 1107 557 1163 sertim
581 1109 644 1164 ab
669 1107 777 1164 aliis
802 1108 949 1164 etiam
978 1108 1100 1181 legis
1128 1107 1295 1182 hujus,
1319 1126 1464 1181 quam
1486 1109 1865 1166 ceremonialem
1891 1127 1994 1169 vo-

391 1203 527 1261 cant,
554 1191 802 1265 capitibus
830 1191 1029 1267 impune
1053 1192 1404 1248 recesserimus
1427 1195 1521 1263 (a).
1553 1193 1663 1249 Alia
1693 1193 1845 1266 igitur
1857 1194 1992 1250 ratio

390 1276 540 1332 fuerit
566 1293 765 1331 necesse
787 1286 882 1346 est,
907 1294 1019 1349 quae
1045 1276 1260 1348 majores
1288 1286 1489 1331 nostros
1524 1276 1668 1332 medii
1694 1277 1787 1334 aevi
1816 1279 1881 1333 ab
1900 1295 1991 1334 esu

393 1360 555 1416 carnis
584 1359 855 1429 revocavit,
885 1377 1031 1433 quam
1061 1359 1258 1434 quidem
1304 1360 1353 1414 in
1387 1360 1768 1433 antiquitatibus
1814 1362 1995 1438 patriis

396 1443 512 1500 mihi
543 1443 716 1500 videor
742 1444 1005 1500 invenisse.

470 1629 517 1683 3.
542 1610 743 1665 Scilicet
768 1609 898 1683 apud
925 1611 1208 1683 potissimas
1243 1613 1462 1685 Europae
1493 1622 1668 1684 gentes
1695 1622 1745 1667 et
1774 1610 1992 1684 majores

394 1694 644 1768 praecipue
672 1704 871 1749 nostros
913 1711 1161 1767 equorum
1195 1712 1312 1750 usus
1341 1705 1446 1750 tum
1488 1695 1536 1749 in
1579 1694 1854 1766 sacrificiiS‚
1885 1706 1992 1752 tum

396 1780 444 1835 in
470 1779 578 1836 aliis
610 1779 671 1835 ad
698 1778 1079 1853 superstitiones
1105 1779 1318 1849 gentiles
1346 1778 1711 1854 pertinentibus
1731 1796 1822 1854 per
1843 1796 1994 1852 quam

393 1864 487 1920 fuit
506 1862 739 1920 solemnis
754 1864 865 1934 (B).
896 1865 972 1919 De
993 1863 1229 1937 auspiciis
1249 1881 1488 1937 equorum
1513 1862 1655 1918 testis
1679 1872 1756 1918 est
1782 1862 1998 1919 Tacitus

394 1948 561 2005 libello
599 1949 669 2002 De
709 1948 931 2008 Moribus
967 1948 1310 2005 Germanorum
1357 1966 1373 2002 .·
1425 1967 1452 1999 α
1492 1945 1748 2020 proprium
1791 1945 2001 2018 insuper

394 2054 427 2086 α
464 2031 598 2104 genti
623 2049 863 2104 equorum
890 2023 1089 2106 quoque
1118 2028 1362 2104 praesagia
1392 2046 1451 2086 ac
1488 2029 1707 2084 monitus
1752 2028 1996 2102 experiri.

396 2137 426 2167 c<
468 2115 679 2170 Publice
719 2116 919 2171 aluntur
948 2114 1119 2170 iisdem
1150 2114 1437 2170 nemoribus
1465 2130 1524 2167 ac
1553 2111 1678 2167 lucis
1702 2111 1922 2168 candido
1944 2121 2000 2167 et

400 2224 425 2247 «
468 2199 603 2253 nullo
629 2199 823 2254 mortali
854 2216 1005 2273 opere
1027 2198 1266 2270 contacti,
1300 2215 1425 2271 quos
1447 2214 1644 2271 pressos
1677 2214 1820 2251 sacro
1845 2214 2000 2251 curru

397 2304 428 2335 α
461 2280 695 2337 sacerdos
732 2299 789 2337 ac
819 2300 905 2337 rex
937 2284 1011 2337 vel
1040 2282 1270 2357 princeps
1300 2281 1514 2338 civitatis
1535 2281 1854 2349 comitantur,
1887 2279 2003 2335 hin-

398 2388 430 2418 «
469 2364 700 2438 nitusque
729 2383 787 2419 ac
807 2365 1031 2421 fremitus
1057 2368 1346 2422 observant.
1382 2368 1493 2422 Nec
1519 2365 1604 2421 ulli
1628 2364 1854 2439 auspicio
1887 2382 2002 2419 ma-

397 2474 429 2503 «
468 2450 543 2524 jor
566 2448 688 2505 fides
713 2467 811 2504 non
836 2450 994 2506 solum
1033 2450 1165 2525 apud
1199 2452 1410 2524 plebem,
1452 2449 1538 2506 sed
1583 2450 1715 2524 apud
1739 2466 1997 2521 proceres,

398 2557 428 2584 (ι
468 2532 599 2607 apud
646 2532 950 2589 sacerdotes.
990 2535 1055 2589 Se
1104 2533 1233 2589 enim
1283 2532 1533 2589 ministros
1591 2536 1838 2603 Deorum,
1884 2532 1999 2590 illos

399 2642 430 2671 «
468 2618 698 2675 conscios
721 2630 915 2694 putant.
950 2644 977 2671 ³>
1004 2622 1077 2675 De
1098 2619 1332 2693 Rugianis
1357 2620 1513 2685 Sax0,
1534 2619 1620 2673 lib.
1664 2637 1744 2690 14,
1783 2637 1836 2692 p.
1871 2636 1997 2690 312,

398 2717 449 2759 et
479 2703 746 2774 Kranzius‚
781 2704 814 2759 l.
848 2721 891 2776 5,
928 2704 1192 2773 Vandaliae,
1225 2703 1448 2759 scribunt
1482 2721 1492 2757 :
1524 2726 1553 2755 (ι
1593 2703 1836 2759 Alebatur
1859 2703 1996 2775 apud

402 2812 431 2839 «
473 2783 732 2861 Rugianos
757 2806 898 2844 sacer
925 2806 1104 2861 equus,
1139 2788 1300 2859 albuS‚
1333 2786 1477 2859 *cujus
1518 2786 1647 2860 jubae
1686 2800 1773 2842 aut
1819 2788 1999 2843 caudae

401 2894 432 2922 α
469 2872 597 2947 pilos
621 2874 902 2929 convellere
932 2872 1170 2927 nefarium
1195 2871 1488 2927 ducebatur.
1523 2874 1672 2926 Hunc
1701 2871 1793 2927 soli
1821 2889 2000 2927 sacer—

403 2976 432 3004 «
469 2954 572 3009 doti
598 2956 832 3027 pascendi
859 2955 1202 3028 insidendique
1232 2955 1308 3026 jus
1333 2966 1461 3022 erat,
1502 2974 1564 3011 ne
1591 2954 1742 3010 divini
1770 2956 2000 3011 animalis
