2242 4009
325 399 340 432 ιι
359 379 387 437 Si
400 377 459 453 quis
469 376 588 452 deinceps
608 378 633 434 in
656 382 737 451 g'ente.
750 381 880 437 Saxonum
902 382 908 435 i

325 462 411 520 «non
423 461 563 538 baptisatus
574 480 601 519 se
614 463 767 521 abscondere
775 464 909 521 voluerite

325 547 445 604 evenire
463 546 658 621 contempserit,
672 564 832 622 paganusque
850 566 909 624 pern

324 642 442 688 morte
453 629 585 687 moriatur
597 650 611 685 ιι
629 630 723 699 labb,
740 632 848 703 concil,
862 645 909 691 torn

325 717 393 791 apud
408 716 497 772 Baluz.
522 712 659 789 capitulum
684 716 776 786 Vlll.,
802 726 862 782 est„
885 727 908 773 t.

323 801 374 855 boc
384 796 513 873 putaveris
525 815 557 853 eo
571 796 708 855 Salvatoris
731 808 859 874 praecepto
873 799 906 873 ini

321 882 402 957 pellite
414 881 580 937 uuareiu
537 884 599 956 Qu
610 891 756 955 contemptu
772 882 848 939 babiti
861 881 909 939 sint

322 966 388 1023 viter
399 963 514 1021 adductis
525 975 570 1021 aut
583 980 673 1021 nomen
682 963 776 1023 Christi
789 984 833 1023 ore
840 975 909 1023 tantu

322 1048 464 1105 horninibus
489 1045 696 1105 viniaciledicto
710 1057 759 1103 est.
784 1048 852 1105 ldetn
866 1050 909 1105 Ola

325 1134 420 1209 saepiu
440 1132 467 1190 in
481 1150 581 1190 scenam
594 1130 767 1208 produximus,
794 1132 908 1189 natrirno

325 1218 384 1292 gina
401 1217 500 1291 Sigride
517 1222 696 1289 (cognomento
712 1218 832 1293 Storrapa
851 1217 902 1274 sive

322 1303 432 1361 wadum
446 1302 504 1359 ideo
517 1300 635 1377 disrupit.
646 1301 715 1377 quod
729 1320 758 1358 ea
765 1302 842 1360 nollet
850 1303 882 1359 ad
895 1302 909 1377 in

322 1384 399 1450 verti,
406 1384 545 1442 αΙιιὶιιιιι
523 1384 663 1459 ,inquiens
672 1384 905 1441 secaniculaeinstar

323 1468 468 1526 chirotheca
476 1486 572 1544 ,quam
587 1466 810 1541 manutenebat,
804 1486 829 1525 nn
843 1468 909 1526 lacie:

323 1551 400 1622 ibid,
411 1570 436 1609 c.
449 1553 484 1628 67
495 1556 545 1627 (g)
561 1554 600 1609 Ex
612 1551 699 1609 eodeni
710 1552 805 1609 odioet
816 1564 909 1609 conten

323 1634 380 1691 lluit
382 1633 492 1711 ,quod'
486 1634 588 1710 injectio
603 1652 691 1692 manus
707 1634 731 1691 in
748 1634 872 1693 loentinarn
888 1648 909 1694 et

323 1717 451 1775 libidinosi
474 1722 543 1793 (quae
556 1718 624 1777 actio
637 1718 661 1775 in
683 1720 739 1793 lege
758 1718 906 1793 bajuarioru

322 1802 416 1861 dicitur
426 1803 468 1861 ein
481 1804 591 1879 Horgrift
604 1804 657 1861 sive
668 1805 817 1879 Hurcngriffl
830 1822 909 1862 concu

323 1888 369 1945 tali
383 1886 476 1961 majore
490 1907 564 1962 poena
576 1894 717 1961 coercetur,
732 1906 807 1963 quant
820 1888 840 1947 si
851 1888 909 1947 talia

321 1970 425 2028 lumina
434 1970 683 2042 luerintconrnnissa,
707 1970 732 2027 in
748 1970 855 2045 Legibus
866 1973 908 2044 Au

328 2071 369 2111 ut.
394 2052 474 2127 «Qui
488 2054 600 2110 maxillas
628 2054 713 2110 uxoris
738 2053 784 2109 viri
803 2052 907 2129 cujusqu

325 2157 342 2189 ιι
358 2136 504 2194 tractaverit
515 2138 637 2212 petulanti
651 2160 665 2191 ι
680 2136 722 2209 (de
735 2136 874 2195 christiana
886 2138 907 2195 lc

326 2244 340 2273 a
361 2220 433 2295 ponit
447 2222 497 2293 lex,
515 2221 593 2297 idque
610 2220 706 2279 ferebat
723 2222 836 2295 impune)
850 2222 906 2279 loen

325 2327 341 2359 a
361 2316 501 2363 numerato.
518 2308 580 2363 Eam
593 2306 614 2363 si
638 2305 695 2380 quis
712 2304 778 2362 bunti
805 2318 903 2381 prostra

326 2411 343 2443 c
360 2409 416 2447 curn
429 2390 471 2447 illa
491 2408 541 2446 rein
558 2390 685 2461 babuerit,
706 2392 732 2447 X
748 2388 842 2447 solidos
866 2408 905 2465 pet

325 2495 341 2525 r
359 2492 389 2531 ea
403 2474 502 2548 coierit,
517 2476 554 2531 lx
573 2474 709 2532 solidorum
730 2493 804 2550 poena
827 2487 874 2532 est.
888 2496 904 2527 n

323 2556 453 2616 tinnatione
475 2577 531 2617 conr
555 2559 638 2617 caedes
656 2559 722 2617 lacta
744 2569 815 2631 erat,
843 2558 903 2615 chria

325 2640 398 2697 batur
419 2643 518 2699 duobus
544 2642 654 2699 millibus
673 2645 868 2717 Thrynnsarunr,
882 2661 903 2717 pa

215 2729 217 2737 “
234 2752 242 2768 .-
323 2724 422 2780 XXVl.
438 2727 568 2799 Paganuru
585 2726 670 2783 Mertii
684 2728 740 2784 CC.
755 2726 842 2785 solidis
854 2734 902 2782 ast:

324 2805 418 2864 tianum
430 2812 517 2874 MCC,
530 2821 557 2867 et
564 2811 627 2867 tanti
645 2810 709 2885 ejus,
723 2810 765 2885 qui
778 2812 853 2867 MCC
861 2808 902 2866 sol

325 2891 494 2949 testimonium
522 2895 622 2951 ualebat
651 2906 771 2970 quantum
799 2910 901 2969 paganot

326 2975 399 3047 Leges
411 2976 526 3033 Edwardi
539 2978 692 3039 AEtlrelstoni.
706 2983 746 3036 Αιι
761 2996 822 3037 vero
834 2980 879 3037 hac
