2242 4009
1068 247 1355 300 ..50-

418 378 447 407 <1
484 354 637 411 virilis
663 355 982 429 praebentur:
1016 352 1240 408 nonnulli
1263 352 1387 407 lanae
1402 353 1606 424 vellera,
1640 353 1836 426 plurimi
1866 354 2012 412 etiam

420 461 449 491 κ
486 441 667 496 formas
701 438 828 495 casei
860 455 917 492 ac
956 455 1084 493 cerae
1131 438 1208 493 vel
1247 437 1408 511 panis,
1441 437 1761 512 diversasque
1805 441 2017 513 species,

421 547 461 583 <z
491 522 827 597 unusquisque
865 522 1000 595 juxta
1051 523 1182 578 vires
1216 540 1350 594 suaS,
1392 540 1504 596 quae
1545 523 1862 582 dinumerare
1901 544 2020 599 per-

422 628 452 659 «
489 610 687 681 longum
716 618 856 681 put0.
891 608 1172 665 veniebant
1206 618 1372 664 autem
1417 626 1529 664 cum
1566 610 1804 682 plaustris
1845 623 2015 687 potum

421 713 452 743 α
490 693 752 766 cibumque
777 692 1074 764 deferenteS,
1116 703 1393 749 mactantes
1435 692 1666 750 animalia
1694 705 1744 750 et
1790 714 1879 768 per
1917 696 2012 751 tri-

426 804 447 823 ι·
492 776 642 832 duum
693 778 972 851 epulantes·
1025 780 1221 850 Qarta
1277 787 1443 833 autem
1485 776 1567 833 die
1608 795 1719 833 cum
1765 779 2020 836 discedere

422 883 453 913 c<
491 860 760 930 deberent,
802 857 1107 933 anticipabat
1136 878 1225 915 eos
1267 871 1539 934 tempestas
1567 879 1679 917 cum
1704 864 1931 919 tonitruo
1973 876 2022 921 et

424 969 453 997 «
489 948 834 1002 coruscatione
860 945 1055 1010 valida3
1099 956 1149 1000 et
1172 945 1220 999 in
1261 956 1454 1002 tantum
1486 946 1646 1004 imber
1689 948 1868 1023 ingens
1907 968 2017 1005 cum

424 1054 452 1080 «
492 1031 705 1105 lapidum
734 1029 970 1087 violentia
994 1028 1348 1101 descendebat,
1386 1041 1440 1086 ut
1468 1032 1550 1086 vix
1579 1049 1633 1088 se
1645 1032 1906 1107 quisquam
1927 1052 2021 1090 eo—

424 1136 456 1166 «
494 1133 601 1170 rum
630 1126 827 1188 putaret
855 1112 1083 1169 evadere.
1125 1112 1208 1168 Sic
1232 1112 1383 1169 fiebat
1413 1133 1503 1188 per
1536 1114 1756 1188 singulos
1781 1135 1959 1175 annos,
1989 1140 2020 1172 n

426 1199 563 1254 Edit.
607 1199 837 1262 Ruinam,
884 1217 934 1271 p.
987 1198 1090 1269 894
1133 1209 1181 1253 et
1233 1215 1339 1271 seq.
1387 1199 1652 1256 Convertit
1688 1201 1777 1255 hos
1807 1201 2021 1257 rusticos

427 1282 706 1356 Episcopus
734 1282 1079 1352 Gabalitanus,
1109 1298 1221 1355 quae
1261 1282 1399 1355 regio
1441 1282 1589 1339 hodie
1614 1284 1797 1340 dicitur
1836 1287 1902 1340 Le
1917 1287 2021 1343 Ge-

424 1367 629 1437 vaudan‚
670 1365 983 1439 habebatque
1014 1366 1183 1421 urbem
1206 1364 1510 1440 praecipuam
1533 1368 1648 1422 olim
1694 1369 2015 1439 Anderitum,

423 1452 509 1509 sed
536 1470 563 1506 a
588 1451 927 1525 compluribus
950 1450 1130 1505 seculis
1155 1448 1385 1519 Mimate,
1421 1450 1630 1520 Mande,
1667 1452 1906 1526 Episcopi
1936 1472 2023 1510 se-

424 1540 533 1595 dem
560 1540 653 1593 huc
678 1536 986 1593 translatam.
1018 1534 1280 1591 Conviviis
1304 1534 1400 1591 illis
1422 1537 1450 1591 ὲ
1476 1535 1793 1592 nobilissimis
1819 1555 1877 1592 ac
1892 1556 2024 1611 prae-

423 1622 583 1697 cipuis
610 1620 727 1676 viris
750 1618 1007 1693 quisquam
1042 1618 1235 1674 solebat
1261 1635 1493 1693 praeesse,
1517 1618 1600 1691 qui
1635 1619 1820 1691 cibum,
1849 1632 2024 1695 potum

424 1706 754 1778 convivasque
783 1702 918 1777 ipsos
942 1702 1148 1757 solemni
1175 1702 1272 1757 ritu
1301 1702 1548 1772 sacrabat,
1573 1713 1625 1758 et
1652 1720 1713 1759 ne
1732 1703 1852 1777 quid
1881 1705 2026 1761 dees—

425 1803 500 1848 set
524 1790 834 1866 providebat.
862 1788 964 1842 Per
991 1787 1126 1842 vices
1147 1786 1294 1843 etiam
1321 1786 1370 1842 id
1393 1787 1610 1841 muneris
1628 1787 2024 1846 administratum

368 1886 375 1890 '
425 1896 515 1933 nec
544 1884 835 1951 perpetuum
863 1871 1013 1927 fuisse
1038 1870 1376 1927 Sturlesonius
1399 1869 1584 1925 indicat
1618 1871 1686 1939 (in
1730 1872 1831 1927 Vita
1858 1875 2024 1945 olaf),

426 1964 509 2038 qui
544 1962 662 2018 satis
687 1960 908 2034 prolixus
947 1965 1023 2012 est
1060 1954 1109 2011 in
1136 1954 1420 2010 exhibendo
1445 1954 1620 2010 ordine
1650 1955 1832 2011 horum*
1863 1959 2029 2014 sacri-

424 2044 648 2101 ficiorum
693 2044 739 2097 in
770 2042 909 2098 vitam
941 2040 1449 2114 HaquiniAdeIstani,
1493 2056 1607 2113 cap.
1663 2042 1738 2097 16.
1791 2063 1822 2092 α
1862 2043 2028 2100 Vetus

429 2151 459 2179 α
494 2138 603 2183 tum
627 2126 914 2182 obtinuerat
938 2122 1251 2178 consuetudo
1279 2123 1411 2178 circa
1428 2122 1737 2178 victimarum
1767 2127 2032 2183 mactatio-

429 2235 458 2264 «
498 2229 605 2280 neS,
633 2219 688 2265 ut
730 2210 790 2265 ad
830 2208 996 2265 fanum
1046 2207 1206 2281 ipsum
1247 2207 1422 2263 incolae
1465 2209 1787 2265 convenirent
1828 2228 2029 2283 omnes,

428 2319 457 2348 «
496 2303 822 2350 commeatum
852 2291 1136 2364 victumque
1168 2308 1259 2364 pro
1279 2291 1583 2347 solemnibus
1607 2292 1764 2367 epulis
1804 2312 1904 2349 una
1929 2295 2032 2350 ad·-

430 2404 462 2434 «
499 2380 755 2435 ducenteS.
784 2377 897 2432 Nec
935 2374 1138 2431 omnino
1177 2375 1430 2432 cerevisiae
1471 2376 1519 2432 in
1545 2387 1646 2432 tam
1677 2378 1858 2433 celebri
1893 2397 2032 2434 con-

431 2488 461 2518 «
498 2472 648 2520 ventu
686 2480 778 2537 pro
817 2460 1147 2535 proportione
1183 2462 1486 2534 singulorum
1533 2462 1632 2517 ulla
1670 2462 1885 2519 debebat
1914 2483 2031 2521 esse

432 2572 462 2602 «
491 2546 714 2624 penuria.
748 2545 1099 2601 Mactabantur
1125 2544 1205 2600 hic
1229 2556 1560 2601 armentorum
1593 2556 1742 2620 atque
1781 2565 2029 2621 equorum

431 2655 463 2688 <z
502 2633 641 2708 plura
667 2647 868 2705 genera.
894 2629 995 2701 Qui
1026 2646 1145 2684 vero
1185 2646 1244 2684 ex
1276 2629 1351 2684 his
1401 2628 1658 2685 diffluebat
1684 2631 1887 2703 sanguis
1926 2650 2030 2707 pe·-

431 2737 461 2767 «
498 2714 666 2772 culiari
692 2713 890 2769 nomine
916 2716 1036 2769 Hlat
1056 2713 1335 2773 dicebatur,
1358 2730 1474 2769 vasa
1498 2732 1639 2781 vero,
1673 2714 1853 2788 quibus
1885 2717 2026 2772 reci-

433 2819 464 2850 «
503 2799 731 2872 piebatur
774 2816 924 2854 cruor
970 2797 1273 2853 Hlat-bollar
1324 2797 1455 2853 dicta
1501 2811 1648 2867 sunt,
1688 2809 1742 2853 ut
1785 2808 1834 2853 et
1873 2800 2033 2855 Hlar-

435 2902 465 2932 (ε
504 2893 654 2955 tynar,
686 2900 796 2955 quae
834 2883 989 2938 instar
1038 2882 1322 2954 bipennium
1350 2882 1618 2939 fabrefacta
1654 2896 1794 2940 erant
1837 2886 2035 2941 utensi-

437 2986 466 3015 «
505 2965 589 3035 lia,
612 2967 790 3039 quibus
810 2966 1024 3023 idoleum
1050 2966 1327 3021 universum
1375 2985 1470 3040 qua
1501 2967 1655 3039 ἱηως,
1688 2986 1784 3042 qua
1808 2971 2036 3025 exterius
