2242 4009
1054 226 1338 295 -48-

410 349 527 406 dum
565 347 738 415 modo,
773 346 860 402 sed
896 346 1148 403 hominum
1186 346 1429 421 ipsorum.
1472 348 1610 403 Inter
1646 346 1899 412 animalia,
1929 356 2040 403 ta·-

412 451 523 490 men
544 434 641 490 alia
666 431 827 489 hostia
855 430 935 488 alii
966 433 1078 489 Deo
1111 432 1303 505 gratior
1324 431 1449 488 visa.
1492 431 1665 488 Odino
1692 441 1874 505 praeter
1891 450 2011 488 ver-

412 536 513 575 rem
554 528 604 573 et
634 526 857 572 armenta
896 534 1071 589 equus,
1094 518 1426 589 mactabatur,
1459 534 1606 591 quem
1633 534 1794 591 neque
1825 518 1889 573 ab
1901 516 2014 572 aliis

411 601 665 660 sacrificiis
704 600 858 657 fuisse
900 600 1123 658 alienum
1155 600 1389 675 conjicio.
1442 600 1698 657 Ditmarus
1742 602 2011 674 Merspur»

410 684 591 759 gensis,
627 684 715 741 lib.
752 702 798 755 ι,
822 683 945 741 edit.
980 685 1209 756 Leibniz,
1240 696 1366 742 tom.
1403 703 1450 757 1,
1478 703 1531 759 p.
1569 701 1693 758 327,
1724 685 1781 739 de
1811 684 2008 740 Danis:

410 790 443 821 α
475 771 567 826 Est
592 787 719 825 unus
743 768 792 825 in
817 768 893 825 his
933 768 1160 844 partibus
1187 769 1463 841 (selandia)
1488 770 1647 835 locus,
1681 778 1834 843 caput
1865 767 2012 825 istius

410 876 445 909 α
480 852 641 929 regni,
679 854 925 910 Lederum
964 853 1182 925 nomine,
1219 853 1267 909 in
1306 871 1437 927 pago
1471 853 1555 927 qui
1593 853 1745 909 Selon
1799 851 2012 922 dicitur,

412 960 443 989 «
480 937 565 995 ubi
593 949 707 1013 post
744 954 919 993 novem
948 954 1106 993 annos
1130 954 1296 993 mense
1323 939 1347 991 J
1356 936 1584 1006 anuario,
1614 946 1729 1011 post
1760 938 1858 992 hoc
1881 946 1983 992 tem

417 1042 446 1075 α
485 1040 579 1097 pus
600 1039 702 1096 quo
726 1038 819 1076 nos
844 1019 1222 1095 Theophaniam
1243 1020 1444 1076 Domini
1474 1020 1802 1091 celebramus,
1832 1036 2010 1075 omnes

412 1126 443 1157 α
480 1103 822 1173 conveniunt,
850 1114 899 1159 et
928 1101 995 1158 ibi
1028 1101 1139 1158 Diis
1157 1101 1366 1158 suismet
1385 1104 1583 1158 LXXX
1610 1112 1662 1157 et
1685 1119 1864 1157 novem
1909 1102 2011 1157 lto-

410 1209 443 1240 α
479 1186 636 1243 mines
662 1198 713 1242 et
736 1185 942 1243 totidem
972 1203 1130 1259 equos
1150 1203 1262 1241 cum
1287 1184 1494 1242 canibus
1519 1195 1571 1241 et
1597 1184 1738 1258 gallis
1777 1203 1876 1258 pro
1915 1204 2010 1241 ac-

412 1296 443 1325 «.
480 1270 744 1346 cipitribus
786 1271 967 1327 oblatis
1007 1270 1283 1342 immolant,
1331 1288 1423 1344 pro
1460 1281 1620 1342 certe,
1669 1281 1725 1327 ut
1771 1270 2008 1345 praedixi,

407 1378 442 1411 α
480 1366 711 1430 putantes
747 1358 838 1412 hos
875 1356 1059 1412 eisdem
1103 1357 1408 1429 placaturos.
1458 1376 1485 1409 ιο
1558 1358 1845 1431 Corruptus
1884 1356 2009 1414 alias

414 1440 495 1497 hic
524 1441 663 1496 locus
689 1440 737 1495 in
768 1439 980 1513 vulgatis
1016 1440 1379 1512 exemplaribus
1413 1439 1547 1513 typis
1576 1440 1848 1515 impressis,
1892 1459 2008 1515 quae

412 1524 593 1581 nullam
650 1540 893 1597 equorum
939 1522 1237 1579 mentionem
1277 1522 1486 1595 faciunt,
1537 1523 1796 1580 codicibus
1839 1536 2006 1581 autem

408 1627 553 1665 manu
601 1606 817 1664 exaratis
852 1606 1055 1679 optimae
1098 1617 1230 1663 notae
1267 1606 1413 1662 facile
1454 1608 1765 1664 refelluntur.
1813 1609 2008 1666 Sturle-

406 1690 598 1763 sonius,
641 1691 692 1747 in
731 1691 825 1747 vita
865 1689 1089 1763 Haquini
1119 1690 1374 1746 Adelstani
1397 1709 1416 1747 .·
1449 1712 1478 1741 «
1514 1691 1808 1747 Mactabant
1844 1692 2008 1748 omnis

408 1799 439 1829 «
476 1775 672 1850 generis
705 1773 955 1839 animalia,
982 1772 1256 1847 praesertim
1299 1786 1482 1843 EQJOS
1527 1792 1748 1849 quoque.
1780 1797 1812 1827 u
1861 1777 2008 1833 Nec-

407 1877 507 1915 non
548 1858 597 1915 in
631 1857 723 1914 vita
766 1858 902 1927 Οἱαῖ,
953 1873 1066 1930 cap.
1119 1872 1214 1929 ¹07
1262 1872 1275 1910 t
1321 1877 1354 1907 α
1403 1858 1694 1913 Mactabant
1726 1875 1914 1931 pecora
1956 1868 2012 1915 et

407 1961 583 2017 equos.
617 1966 649 1996 n
678 1945 745 2013 (c)
774 1940 1017 2015 Agathias
1046 1939 1513 2009 Scholasticus,lib.
1545 1942 1666 2012 3‚de
1682 1942 1819 1997 rebus
1842 1943 2006 1998 ,lusti-

407 2028 541 2085 niani
579 2046 597 2084 .·
638 2049 670 2081 α
709 2024 953 2083 Allemani
996 2022 1201 2079 Francis
1239 2035 1437 2097 parent,
1477 2034 1530 2079 et
1569 2024 1744 2080 eodem
1791 2043 1896 2099 quo
1937 2025 2013 2081 illi'

406 2134 437 2164 α
476 2111 626 2167 modo
684 2121 959 2185 reguntur3
1001 2117 1195 2164 tantum
1232 2107 1281 2161 in
1322 2106 1560 2179 religione
1611 2106 1864 2163 differunt.
1911 2111 2009 2163 Ar-

406 2218 433 2247 «
476 2196 623 2251 bores
660 2194 791 2250 enim
830 2192 1065 2268 quasdam
1107 2192 1304 2266 placant
1343 2202 1394 2247 et
1425 2191 1593 2265 lapsus
1632 2192 1895 2249 fluviorum
1954 2202 2011 2249 et

404 2300 437 2331 α
475 2288 666 2334 montes
717 2289 769 2334 et
782 2279 955 2349 valleS,
991 2288 1143 2350 atque
1184 2276 1293 2331 istis
1347 2293 1486 2332 sacra
1538 2276 1797 2346 facientes,
1851 2287 2004 2351 atque

405 2385 437 2415 α
468 2379 625 2436 equos
667 2372 720 2418 et
761 2362 857 2419 alia
892 2360 1102 2431 infinita,
1148 2372 1343 2417 resecto
1379 2359 1564 2432 capite,
1609 2358 1942 2415 immolantes.
1970 2380 2002 2410 »

408 2449 486 2503 De
540 2448 841 2504 Prussorum
903 2446 1125 2503 moribus
1179 2445 1350 2501 eadem
1406 2456 1553 2501 notas
1604 2444 1900 2500 Hartknoch
1952 2442 2002 2497 in

399 2530 568 2604 Antiq.
609 2532 784 2587 Pruss.
813 2530 951 2586 Diss.
995 2548 1073 2601 10,
1115 2548 1168 2604 p.
1210 2530 1325 2585 160.
1359 2530 1432 2583 De
1462 2528 1670 2601 Scythis,
1708 2527 2004 2584 Herodotus

406 2615 773 2687 Halicarnass.,
804 2614 958 2685 Hist.‚
993 2614 1081 2671 lib.
1113 2632 1168 2686 4,
1199 2632 1246 2669 c.
1278 2614 1366 2669 61.

480 2802 527 2859 5.
555 2784 827 2841 Hominum
858 2800 1134 2857 canumque
1159 2781 1525 2838 immolatorum
1553 2780 1796 2837 cadavera
1840 2782 1890 2837 in
1921 2782 2001 2837 lu-

400 2868 475 2924 cis
515 2869 965 2942 suspendebantur,
1013 2884 1194 2923 cruore
1231 2864 1539 2922 victimarum
1600 2882 1721 2937 arae,
1768 2865 1996 2937 arbores,

402 2950 535 3005 idola
586 2951 907 3026 hominesque
957 2952 1334 3008 circumstantes
1367 2948 1691 3022 tingebantur
1734 2948 1811 3004 vel
1879 2966 2002 3005 con-

2208 550 2210 558 l
