2242 4009
300 397 315 426 o
333 392 405 444 usus,
428 390 480 447 quo
500 373 664 445 frequentior,
682 372 729 427 boc
748 369 822 425 uilior
833 371 896 424 habe

303 484 317 512 e
334 478 403 534 equo
424 461 494 516 Deus
509 458 607 515 illorum
623 457 741 513 adversus
755 472 881 512 sacrorum

301 568 316 597 ι
335 544 402 600 bella
416 543 584 599 credebantur
596 556 692 615 gerere.
706 540 785 613 Cujus
800 539 835 595 rei
853 556 898 613 pra

303 651 317 680 n
335 639 449 685 mentum
472 628 597 697 exstabat,
613 624 680 700 quod
693 625 714 681 is
727 634 851 680 nocturno
862 634 896 679 ‘te

303 735 318 765 ι
335 712 468 783 insistens,
479 710 543 767 adeo
552 712 697 785 plerumque
711 726 781 765 mane
793 709 884 764 sudore
897 750 898 759 ,

305 818 320 847 ι
338 813 382 852 sos
405 794 550 867 videbatur,
575 804 692 867 tanquam
715 794 747 848 ab
769 792 895 847 exercitati

305 896 487 955 «magnorum
517 877 633 935 itinerum
664 877 745 951 spatia
776 876 898 951 percurris

307 986 323 1017 e
340 982 444 1040 quoque
465 980 510 1038 per
530 962 636 1018 eundem
663 979 752 1035 equum
775 960 898 1034 hujusmet

307 1068 323 1101 e
341 1050 407 1105 Cum
422 1048 515 1104 bellum
526 1047 645 1102 adversus
657 1046 763 1119 aliquam
776 1042 898 1119 provincia

309 1152 324 1183 n
341 1132 448 1201 coisset,
464 1143 521 1187 ante
532 1131 616 1186 lanum
627 1129 716 1203 triplex
726 1130 849 1184 hastarum
863 1146 898 1182 or<

310 1234 421 1292 «opere
434 1216 533 1290 disponi
551 1215 659 1279 solebat,
684 1213 707 1267 in
730 1230 834 1287 quorum
860 1228 898 1285 qo<

310 1321 325 1352 e
342 1310 488 1357 transverso
514 1299 604 1373 junctae
618 1296 745 1353 conuersis
757 1296 877 1352 interram
894 1316 898 1347 ι

309 1402 325 1435 e
343 1382 445 1455 bantur,
459 1382 547 1457 aeqoali
569 1381 705 1456 spatiorum
720 1379 888 1453 magnitudine

311 1484 326 1517 ι
344 1478 425 1523 rante.
442 1468 482 1523 nd
493 1484 556 1541 quos
568 1484 656 1539 equus,
668 1463 898 1537 ductandaeexpedi

313 1566 328 1598 ι
345 1550 451 1606 solemni
464 1550 608 1624 precatione
623 1549 759 1623 premissa,
777 1550 898 1603 asacerdi

313 1652 329 1686 a
349 1633 500 1708 productus,
524 1633 544 1689 si
559 1632 703 1707 propositos
721 1632 821 1687 dldines
846 1642 898 1687 ante

316 1738 329 1771 i
348 1719 411 1774 laevo
425 1716 492 1793 pede
508 1716 705 1785 transcenderet,
718 1715 824 1770 faustum
842 1734 898 1788 gere

313 1822 328 1855 c
346 1802 529 1877 accipiebatur.
542 1800 587 1856 Sin
614 1802 702 1857 laevom
717 1800 755 1854 vel
771 1800 845 1855 semel
872 1799 898 1854 de

315 1906 331 1937 ι
348 1896 397 1951 set,
426 1884 544 1959 petendae
558 1883 694 1958 provinciae
708 1882 863 1957 propositum
883 1900 898 1936 n

314 1988 330 2019 e
347 1969 418 2042 prius
426 1979 498 2025 certa
508 1968 634 2041 navigatio
649 1966 834 2041 praefigebatur,
848 1984 895 2040 qua

314 2072 330 2105 e
347 2053 456 2126 potioris
471 2053 582 2108 incessus
597 2051 700 2125 vestigia
713 2062 882 2107 cernerentur.
896 2074 897 2081 ¹

316 2134 402 2193 invita
422 2137 528 2194 Otlronis
545 2135 753 2208 babinbergensis,
778 2135 795 2190 l.
814 2151 839 2207 2,
857 2152 880 2191 c.

317 2219 335 2274 l.
347 2220 381 2290 63
397 2220 599 2295 Papebrocbius,
611 2219 636 2275 in
651 2230 700 2274 not.
717 2220 749 2274 ad
760 2219 830 2274 vitam
846 2219 874 2276 S.
896 2222 897 2227 ’

226 2343 227 2358 l
318 2311 405 2374 mm,
420 2306 553 2375 Antwerp.
568 2320 645 2358 mens.
659 2304 732 2369 lun,
743 2312 806 2356 tom.
822 2302 856 2373 ll,
882 2320 897 2375 p

320 2384 446 2472 indiculus
460 2384 534 2441 etiam
547 2384 751 2459 superstitionum
767 2384 882 2441 Concilio
896 2389 897 2397 ’

320 2478 418 2535 punctus
431 2472 447 2538 d
467 2484 495 2539 ¹3
511 2466 564 2540 agit
578 2469 605 2523 de
621 2467 728 2542 auguriis
742 2469 776 2523 vel
788 2467 897 2540 aniame

321 2542 505 2618 lonmstcrrorc,
519 2554 554 2608 rel
566 2552 741 2608 sternutatione.

355 2735 381 2786 4.
397 2717 533 2774 Sacrificiis
547 2718 620 2773 etiam
634 2717 758 2773 adhibitos
771 2736 859 2791 equos,
874 2736 896 2773 ct

322 2808 373 2854 tum
393 2803 569 2876 aliosadparet
584 2804 629 2875 (bl.
639 2802 822 2875 Antiquissimis
834 2813 896 2875 temp

323 2876 420 2953 fingunt
432 2902 447 2940 a
460 2882 596 2957 majoribus
608 2886 699 2941 nostris
714 2888 768 2942 Deo
781 2885 896 2942 offerebat

324 2963 416 3023 crificia
430 2968 540 3024 eruenda
558 2969 802 3026 inconsuetudinem
822 2970 896 3026 abien
