2242 4009
436 394 463 426 α
502 372 841 447 offasaliquas
866 392 925 429 ex
951 374 1266 447 pulmonibus
1294 373 1488 447 equinis
1516 374 1856 447 degustandas
1885 376 2028 432 acci-

437 480 465 508 α
506 470 644 531 peret
676 460 804 524 Rex,
852 458 935 531 qui
967 459 1211 515 solemnes
1235 458 1382 515 etiam
1413 461 1624 515 maxime
1653 462 1870 532 scyphos
1899 480 2034 517 com-

432 563 463 595 «
504 542 687 615 plures,
715 560 840 615 quos
859 543 950 598 sibi
984 542 1319 616 propinabant
1355 543 1606 614 ruricolae,
1643 545 1782 598 nullo
1805 545 2034 603 adhibito

432 646 462 677 α
499 625 660 681 crucis
686 626 827 699 signo
856 626 1031 683 ebibit.
1064 649 1093 678 ι)
1129 628 1276 684 Unde
1323 628 1444 683 satis
1485 628 1696 700 adparet
1747 646 1849 682 non
1880 628 2036 685 modo

430 728 625 766 carnem
669 710 893 784 equinam
944 711 992 766 in
1048 711 1273 767 familiari
1328 730 1418 767 usu
1477 729 1731 767 sacrorum
1788 712 2035 785 imprimis

428 794 609 866 fuisse,
653 796 739 851 sed
775 795 1120 869 pinguedinem
1158 795 1305 851 etiam
1349 797 1533 868 Flopit,
1577 797 1690 851 loco
1726 796 1892 869 butyri
1933 798 2032 867 (d),

431 880 711 953 pulmonem
750 891 912 937 autem
953 891 1004 935 et
1040 879 1282 953 jusculum
1325 880 1374 935 in
1414 879 1604 936 deliciis
1641 880 1796 935 fuisse
1834 882 1918 953 (e).
1952 883 2034 937 Ita

428 974 555 1020 teste
585 966 824 1021 Hervarar
844 965 975 1038 Saga
1013 984 1029 1018 .·
1077 982 1188 1018 cum
1223 965 1446 1019 Sueones
1475 967 1709 1037 lngonem
1740 966 1931 1037 Regem
1960 967 2034 1020 ob

428 1049 694 1106 christiana
731 1068 870 1105 sacra
919 1062 1119 1123 recepta
1166 1048 1381 1105 comitiis
1427 1059 1479 1104 et
1517 1066 1673 1120 regno
1719 1048 2035 1122 pepulissent

428 1134 781 1209 atqueaffinem
808 1132 914 1206 ejus
930 1136 1179 1190 Sueonem
1199 1136 1388 1206 Regem
1407 1144 1659 1190 creassent
1687 1150 1700 1186 :
1731 1133 1896 1206 «quia
1911 1150 2035 1207 pro-

417 1238 463 1291 ,α
500 1218 632 1274 misit
664 1218 757 1273 illis
794 1218 999 1291 gentilia
1050 1237 1190 1275 sacra
1244 1236 1296 1273 se
1334 1228 1734 1292 procuraturum,
1779 1217 2033 1277 adductus

428 1324 461 1357 α
500 1320 613 1357 mox
639 1320 797 1376 equus
839 1314 888 1359 et
925 1302 974 1358 in
1013 1314 1182 1377 partes
1217 1302 1480 1372 dissectuS,
1507 1314 1656 1376 atque
1681 1304 1743 1359 ad
1777 1304 2030 1360 edendum

428 1407 460 1440 α
497 1386 788 1443 distributus
822 1406 833 1443 ε
865 1399 915 1443 et
941 1388 1181 1460 sanguine
1210 1387 1316 1460 ejus
1341 1387 1548 1443 oblitum
1575 1388 1784 1443 idolum.
1835 1388 2030 1461 Proie-

428 1492 460 1523 α
494 1483 672 1528 cerunt
708 1482 829 1529 tunc
863 1490 1035 1528 omnes
1062 1474 1290 1529 Sueones
1326 1473 1739 1529 christianismum
1757 1474 2028 1547 etgentilia

428 1578 459 1609 α
495 1574 634 1614 sacra
657 1568 1002 1631 susceperunt.
1036 1580 1061 1610 ο

498 1744 549 1799 7.
590 1727 756 1799 Atque
806 1726 870 1781 ab
907 1724 1047 1780 istius
1084 1724 1219 1780 modi
1277 1723 1714 1797 superstitionibus
1750 1724 2028 1797 gentilibus

426 1825 543 1865 vera
576 1809 791 1884 petenda
828 1808 987 1877 rati0‚
1032 1826 1188 1881 quare
1227 1806 1529 1871 christianis,
1584 1806 1804 1880 gentium
1845 1809 2026 1864 harum

424 1891 839 1962 conversoribuS,
887 1908 915 1947 e
961 1908 1016 1945 re
1066 1889 1175 1946 sore
1221 1890 1378 1946 visum
1434 1901 1511 1945 est
1545 1901 1601 1947 ut
1638 1889 1834 1963 equinae
1882 1892 2025 1947 carni

420 1992 555 2031 esum
601 1975 745 2067 plane
781 1973 1154 2038 interdicerent,
1185 1973 1428 2047 simulque
1451 1975 1514 2029 ab
1547 1973 1706 2029 omnis
1737 1974 2023 2031 ethnicismi

417 2056 654 2131 spurcitie
699 2057 852 2129 magis
892 2056 1147 2130 magisque
1187 2074 1360 2113 recens
1406 2074 1676 2113 conversos
1715 2056 2015 2113 alienarent.

423 2140 631 2195 Invenio
656 2140 885 2231 primum
929 2140 1210 2213 Gregorium
1256 2139 1361 2209 III,
1413 2142 1751 2196 Romanorum
1792 2140 2024 2196 Pontifi-

424 2237 553 2290 cem,
585 2220 669 2293 qui
698 2221 937 2294 majorum
963 2234 1250 2278 nostrorum
1281 2222 1501 2278 moribus
1529 2222 1657 2277 eain
1683 2241 1738 2278 re
1757 2222 1899 2279 duxit
1914 2224 2023 2279 ob-

418 2301 545 2358 viam
571 2304 807 2361 eundum.
858 2306 1098 2362 Ecclesiae
1145 2308 1362 2362 habenas
1406 2305 1486 2361 ille
1527 2306 1810 2363 moderatus
1848 2316 1926 2361 est
1949 2308 2022 2363 ab

418 2405 549 2444 anno
573 2406 667 2460 731
692 2407 851 2463 usque
870 2390 932 2446 ad
962 2409 1144 2447 annum
1170 2408 1295 2463 741,
1322 2406 1373 2445 et
1397 2390 1445 2445 in
1475 2390 1693 2463 Epistola
1711 2391 1776 2445 ad
1803 2390 2021 2461 Bonifa-

416 2470 560 2543 cium,
592 2472 955 2529 Germanorum
976 2473 1279 2547 apostolum,
1311 2490 1422 2545 quae
1446 2483 1607 2528 exstat
1633 2472 1764 2546 apud
1798 2473 2016 2542 Othlon,

416 2555 453 2619 l.
494 2574 539 2626 1,
560 2574 609 2611 c.
645 2573 756 2629 32.,
788 2569 840 2613 et
867 2558 1035 2613 Nicol.
1068 2556 1340 2627 Serarium‚
1370 2556 1418 2611 in
1447 2555 1676 2629 Epistolis
1694 2556 1751 2612 S.
1777 2555 2024 2626 Bonifacii

415 2641 667 2715 martyris,
702 2642 851 2716 epist.
896 2643 1120 2711 CXXll,
1162 2660 1214 2714 p.
1271 2641 1385 2711 168,
1429 2640 1497 2695 ita
1536 2639 1709 2696 scribit
1755 2657 1767 2693 ε
1803 2661 1833 2690 (ι
1875 2640 2019 2694 Inter

419 2744 449 2774 <t
489 2737 672 2781 caetera
697 2737 940 2798 agrestem
966 2725 1211 2781 caballum·
1240 2724 1521 2797 aliquantos
1543 2723 1803 2779 comedere
1825 2721 2018 2793 adjun-

418 2829 447 2858 (ι
484 2808 600 2864 xisti
651 2811 914 2884 plerosque
955 2821 1005 2866 et
1034 2810 1382 2866 domesticum.
1425 2810 1541 2863 Hoc
1572 2825 1877 2882 nequaquam
1903 2806 2014 2863 fieri

417 2913 445 2940 «
485 2892 721 2966 deinceps
742 2936 755 2958 ‚
796 2895 1102 2951 sanctissime
1131 2894 1302 2960 frater,
1334 2893 1486 2963 sina5‚
1517 2894 1604 2949 sed
1629 2893 1809 2966 quibus
1837 2903 2021 2967 potue-

416 2994 445 3023 «
486 2974 573 3043 ris,
626 2977 831 3033 Christo
869 2978 1103 3049 juvante,
1142 2977 1330 3048 modi5‚
1377 2995 1466 3050 per
1516 2976 2015 3050 omnia,compesce,
