2242 4009
332 423 347 451 (ι
365 411 392 456 et
410 400 510 473 dignam
530 401 567 454 eis
586 400 684 473 impone
705 402 885 474 poenitentiam.

330 507 345 535 a
364 487 430 540 enim
442 494 469 539 et
481 484 642 539 exsecrabile.
654 506 667 533 u
686 486 726 540 Cl.
742 486 809 540 Phil.
827 488 894 541 Labb

331 568 401 623 sartii
411 570 442 623 S.
457 570 482 621 J.
497 568 609 641 presbyt.
627 568 685 622 S.S.
705 568 805 623 Concil.
820 580 883 623 tom.

330 670 356 725 p.
377 653 486 723 1468‘et
500 669 555 725 seq.
577 651 719 725 Repetitum
733 654 779 707 boc
794 653 892 707 mandat

331 735 457 791 Pontifice
470 732 501 790 ad
511 734 618 791 eundem
634 734 810 789 Bonifatium:
832 736 895 790 Etiau

329 831 356 876 et
368 819 425 893 equi
438 819 538 874 silvatici
551 820 626 873 multo
639 820 742 892 amplius
753 819 852 886 vitandi,
862 837 893 891 ap

330 923 353 961 c.
382 923 424 975 14,
443 914 469 959 et
492 905 576 959 Serae.
601 904 768 976 Epist.,142.
795 904 894 958 Novimu

328 990 439 1062 rigorem
458 988 653 1062 prohibitionum
676 986 858 1062 pontificiarum
884 986 890 1040 i

329 1091 381 1147 que
401 1072 549 1128 animalibus
571 1073 630 1127 olim
656 1071 802 1141 immundis;
819 1088 894 1144 equor

329 1174 389 1213 enm
405 1156 597 1212 succedentibus
612 1156 686 1212 etiam
706 1155 871 1229 temporibus,

329 1242 367 1298 rei
388 1240 517 1297 familiaris
534 1241 698 1312 detrimento,
722 1240 833 1297 frustrati
858 1241 894 1295 sin

320 1344 382 1382 non
396 1324 482 1399 potuit
492 1342 543 1380 non
560 1325 608 1381 alia
621 1342 695 1381 causa
714 1328 825 1396 subesse,
841 1342 869 1379 ea
885 1343 894 1379 s

330 1408 472 1482 attigimus.
499 1408 556 1464 Nisi
572 1426 603 1463 eo
621 1409 695 1464 etiam
711 1408 807 1481 prolabi
829 1408 894 1463 malin

326 1493 413 1549 lronte
427 1510 566 1549 asseramus
580 1492 717 1549 Pontifices
737 1493 856 1548 maximos
871 1494 894 1547 in

328 1575 516 1652 pertinentibus
543 1594 627 1633 errare
651 1594 725 1651 posse
749 1586 824 1650 atque
848 1576 894 1631 alio

328 1678 400 1717 cere.

362 1744 505 1817 Gregorius
515 1746 539 1799 ll
549 1746 626 1811 enim,
637 1755 781 1801 antecessor
796 1746 895 1817 Gregor

329 1828 400 1885 lllll
410 1829 444 1883 aul
455 1828 619 1901 bonifacium,
629 1826 740 1897 scribit§
756 1829 773 1883 6
788 1846 793 1882 :
811 1850 826 1879 a
835 1830 873 1883 De
882 1827 894 1881 ii

328 1936 345 1965 (ι
365 1911 433 1969 escis
453 1912 613 1980 consuluisti,
636 1912 656 1967 si
682 1929 696 1967 a
725 1910 839 1966 fidelibus
864 1928 891 1965 su

326 2021 343 2051 α
362 1996 470 2053 vivifica
493 1996 576 2053 crucis
601 1997 709 2070 signum.
738 1996 777 2051 edi
801 1995 893 2063 liceret,

326 2104 342 2133 α
362 2080 458 2138 suflicit
469 2082 623 2157 respondere
637 2081 705 2155 quod
724 2082 818 2135 Beatus
832 2081 893 2135 Paul

327 2189 344 2219 e
363 2166 401 2223 cit
421 2168 443 2221 1.
460 2168 522 2223 Cor.
550 2185 592 2235 ro,
617 2177 666 2222 etc.
685 2188 700 2217 u
729 2164 782 2232 (cf.
800 2166 849 2220 Pb.
868 2168 893 2219 L¹

327 2250 471 2325 Apostolus
481 2250 513 2306 de
527 2250 643 2306 omnibus
656 2249 695 2305 edi
709 2248 841 2322 permittit,
857 2268 889 2324 qu

324 2345 416 2392 creata
440 2333 488 2389 Dei
506 2334 573 2397 sint,
601 2337 615 2389 l
635 2334 695 2390 solis
714 2334 846 2390 immolatis
865 2353 892 2407 pt

327 2415 463 2488 abstineri,
478 2416 499 2473 si
510 2418 582 2473 alteri
596 2417 738 2473 scandalum
750 2436 779 2475 ea
795 2437 821 2474 re
835 2419 892 2475 detu

323 2520 385 2558 eum
407 2499 549 2556 interdictis
569 2511 652 2557 tamen
678 2511 725 2563 est,
746 2502 813 2575 quod
831 2504 892 2558 Olau¹

325 2584 463 2660 suppetias
476 2595 566 2641 contra
580 2588 666 2641 Danos
681 2584 771 2655 ferens,
796 2604 852 2641 cunr
873 2606 891 2642 ri

322 2667 378 2725 cibi
394 2666 481 2739 inopia
493 2678 677 2741 premerentur,
692 2678 767 2741 atque
777 2668 891 2724 autdisce

324 2752 388 2827 equi
412 2751 548 2817 mactandi,
578 2752 602 2807 in
626 2763 770 2826 sequentem
798 2753 891 2808 modun

323 2859 340 2888 «
368 2836 478 2910 primurn
494 2838 609 2907 consulo,
626 2837 801 2911 nequidquam
815 2856 828 2893 a
846 2840 891 2892 Dei

323 2942 340 2971 a
361 2936 511 2981 sumamus,
534 2938 700 2995 quacumque
730 2922 803 2977 nobis
829 2940 890 2977 nece

323 3026 341 3056 «
361 3002 433 3077 apud
445 3002 549 3058 Oddum
564 3006 710 3061 monachum
726 3004 749 3060 in
771 3007 820 3061 Vita
842 3008 890 3061 Olu
