2242 4009
1013 277 1352 346 ..Q-,⁴

442 400 506 463 (e)
543 404 629 448 Lac
667 399 800 447 etiam
844 399 1052 448 amabant
1093 408 1249 461 gentes
1270 402 1509 451 nonnulle.
1557 404 1684 454 unde
1722 412 1865 469 Maro,
1897 414 1979 471 nt,

383 479 559 539 Georg.,
583 475 639 524 de
663 474 838 523 Bisaltis
868 483 912 523 et
935 475 1164 524 Geloniis:

561 577 745 626 Br'saltae
766 583 852 637 quo
870 590 988 626 more
1005 579 1168 636 solent,
1191 591 1374 639 acerque
1389 581 1601 642 Gelonus,

560 652 799 716 Cumsugt‘t
814 652 860 701 in
885 652 1120 714 Rhodopen
1139 660 1273 715 atque
1293 654 1338 702 in
1359 655 1759 726 deserta-Getarum

561 734 621 778 Et
642 729 715 777 lac
736 735 980 777 concretum
999 741 1095 776 cum
1119 730 1339 792 sanguine
1355 736 1490 793 potat
1507 732 1685 793 equino.

442 836 505 878 De
528 830 729 893 Bulgaris
752 828 1000 888 ennodius,
1026 816 1240 894 Panegyr'.
1274 831 1337 881 ad
1356 833 1594 883 Theodero.
1614 848 1752 898 regem
1772 850 1789 883 .·
1809 852 1839 883 α
1860 844 1979 887 Dum

377 905 561 954 credunt
607 906 717 954 satis
760 919 859 954 esse
893 906 951 954 ad
982 904 1167 954 delicias
1202 906 1354 969 equini
1388 907 1559 970 pecoris
1583 909 1653 958 lac
1668 918 1879 972 potare.-
1909 918 1979 962 De

379 982 590 1029 Sarmatis
610 980 824 1029 Martialis
849 996 860 1030 :

568 1082 687 1130 Venit
708 1089 751 1130 et
773 1088 900 1144 epoto
922 1085 1134 1131 Sarmata
1153 1089 1317 1143 pastus
1331 1097 1441 1144 equo
1454 1119 1467 1133 .
1491 1084 1590 1134 Liv.
1617 1090 1652 1133 t.

437 1182 515 1246 (s)
549 1180 727 1230 Juvabit
752 1181 799 1229 in
840 1179 975 1229 fidem
1011 1179 1227 1231 dictorum
1257 1193 1312 1231 ea
1345 1184 1492 1233 solum
1516 1185 1562 1232 in
1587 1184 1784 1233 medium
1804 1185 1981 1250 afferre,

378 1272 480 1321 quae
502 1258 673 1306 furente
698 1266 961 1318 tempestate
981 1257 1198 1306 maritima
1223 1271 1250 1306 a
1270 1257 1460 1319 sigurdo
1487 1260 1709 1322 Episcopo
1728 1270 1983 1323 perpetrata

380 1342 599 1383 memorat
634 1337 796 1380 snorro
819 1331 1137 1387 Sturlesonius,
1167 1333 1211 1380 in
1245 1333 1446 1382 Historia
1483 1335 1615 1397 Regis
1640 1335 1769 1383 olari
1813 1342 1986 1401 Trygg-

378 1408 644 1471 rvonisfilii‚
668 1421 770 1470 cap.
796 1409 876 1456 86.
900 1408 976 1456 ille
995 1408 1115 1457 enim
1134 1422 1257 1457 sacra
1275 1409 1459 1458 indutus
1481 1412 1597 1459 stola
1620 1410 1666 1458 in
1691 1424 1866 1473 proram
1890 1426 1982 1461 na-

383 1485 452 1534 vis
486 1484 770 1546 procedebat,
815 1482 1101 1546 accensisque
1144 1482 1385 1533 luminibus
1416 1498 1468 1533 ac
1499 1485 1654 1543 cereis,
1691 1487 1820 1535 thure
1854 1500 1985 1537 sacro

380 1574 743 1625 quaquaversum
774 1559 1039 1623 fumigabat,
1072 1560 1184 1622 quin
1216 1560 1350 1608 etiam
1372 1560 1515 1609 crucis
1545 1561 1741 1623 imagine
1760 1561 1808 1609 in
1837 1564 1983 1612 altum

378 1647 523 1686 erecta
551 1636 779 1698 Evangelii
807 1636 1008 1685 recitavit
1041 1636 1313 1699 pericopam,
1348 1636 1644 1699 precibusque
1665 1650 1718 1685 ac
1740 1639 1985 1701 supplica-

378 1712 575 1762 tionibus
619 1719 759 1761 Deum
803 1712 1068 1772 obsecravit,
1106 1712 1164 1760 ad
1191 1714 1283 1761 haec
1315 1722 1497 1762 sacratae
1544 1726 1673 1775 aquae
1714 1714 1988 1779 adspergine

379 1796 540 1837 cuncta
582 1788 791 1837 lustrans.
819 1787 888 1836 cf.
918 1787 1094 1835 oddum
1115 1789 1406 1847 monachum,
1426 1788 1473 1835 in
1497 1788 1600 1836 Vita
1618 1791 1664 1837 S.
1692 1788 1812 1845 οιαὶ,
1838 1799 1880 1837 c.
1904 1801 1983 1853 33,

378 1878 427 1927 p.
456 1876 520 1915 m.
568 1877 673 1925 ιη.
711 1871 809 1914 Jam
847 1865 968 1927 finge
1000 1864 1084 1912 tibi
1120 1864 1345 1913 ethnicum
1384 1864 1490 1913 talia
1517 1866 1699 1927 peculso
1722 1866 1875 1914 animo
1901 1866 1987 1914 in-

377 1951 598 2003 tuentem,
618 1954 677 1990 an
699 1942 786 1990 alia
817 1955 886 1998 re,
915 1954 1051 2002 quam
1073 1939 1338 1988 ceremoniis
1373 1939 1722 1989 Christianorum
1743 1952 1866 1989 sacra
1890 1942 1984 1989 ab—

378 2018 492 2066 solvi
534 2018 784 2081 putaverit?
836 2017 1061 2078 Praecipue
1110 2024 1212 2063 cum
1250 2026 1373 2064 sacra
1421 2026 1733 2078 peragerentur
1776 2018 1986 2067 sermone

380 2091 540 2142 incolis
573 2102 618 2141 et
659 2092 935 2141 auditoribus
990 2091 1224 2155 peregrino
1301 2099 1368 2139 Αιι
1415 2091 1639 2139 miraberis
1691 2092 1890 2140 islandus
1929 2092 1988 2142 ea'

381 2168 526 2215 solum
556 2180 611 2215 ex
649 2180 782 2215 causa
803 2166 862 2215 ad
899 2168 1082 2216 missam
1111 2165 1363 2227 frequenter
1381 2166 1666 2226 confluxisse,
1685 2166 1988 2215 ut¹musicam

380 2243 586 2290 audirent
606 2252 871 2290 concentum
887 2251 932 2291 et
954 2254 1272 2303 campanarum
1290 2241 1505 2302 sonitum,
1527 2241 1647 2303 quod
1669 2243 1803 2290 habet
1821 2246 1989 2291 snorro

382 2315 682 2366 Sturlesonius
715 2317 745 2364 Ι.
768 2328 833 2376 c.,
866 2328 967 2378 cap.
993 2316 1072 2377 88,
1108 2314 1256 2371 testis,
1290 2316 1328 2363 si
1352 2315 1609 2377 quisquam,
1631 2315 1740 2364 satis
1767 2309 1991 2366 idoneus?

390 2394 551 2442 Olaum
571 2401 773 2439 sanctum
796 2392 931 2440 etiam
954 2392 1059 2452 (hoc
1079 2390 1272 2439 nominis
1310 2391 1459 2440 favore
1479 2401 1524 2440 et
1545 2393 1710 2454 pietate
1747 2392 1792 2440 in
1817 2394 1988 2442 clerum

392 2477 659 2517 consecutus
678 2465 791 2527 erat)
817 2468 914 2513 solo
939 2474 1108 2514 attactu
1131 2465 1304 2513 morbis
1327 2466 1580 2515 inveteratis
1605 2466 1822 2515 medelam
1853 2467 1991 2516 atta-'-

389 2544 517 2603 lisse‚
555 2542 782 2591 hominem
816 2541 929 2589 alias
964 2541 1111 2590 dubiae
1151 2542 1347 2603 pietatis,
1380 2543 1481 2604 quis
1516 2542 1781 2604 persuadere
1811 2551 1992 2605 poterat

382 2619 654 2681 gentilibus?
683 2623 736 2666 Et
758 2618 843 2666 hoc
874 2626 1023 2667 tamen
1061 2618 1254 2668 affirmat
1278 2623 1439 2667 snorro
1464 2623 1651 2682 Kortung
1686 2612 1797 2681 Olus
1829 2621 1992 2684 Helges

390 2695 675 2744 Haraldsons
701 2698 843 2756 Saga,
864 2705 964 2755 cap.
987 2707 1097 2742 200.

450 2770 521 2833 (g)
551 2770 747 2819 Gentiles
777 2778 929 2818 contra
950 2769 1009 2818 ob
1034 2769 1286 2818 dissensum
1307 2770 1420 2817 circa
1453 2783 1576 2817 sacra
1596 2781 1677 2818 nec
1701 2768 1990 2833 conjugalem

384 2858 581 2893 amorem
614 2859 694 2894 nec
718 2844 911 2894 tiliorum
933 2844 1144 2906 pietatem
1183 2844 1278 2894 tolli
1314 2844 1473 2893 debere
1513 2844 1843 2906 existimabant,
1863 2846 1991 2909 quod

386 2927 509 2980 patet
562 2934 617 2967 ex
656 2919 1016 2982 inscriptionibus
1055 2920 1376 2984 sepulcralibus
1427 2921 1591 2969 runicis
1645 2935 1759 2985 quas
1808 2921 1992 2971 exhibet

393 2994 608 3053 vereiius‚
634 3000 741 3045 Not.
775 2997 837 3044 ad
854 3002 1073 3047 Henarar
1097 3001 1238 3057 Saga,
1260 3010 1306 3057 p.
1341 3007 1442 3045 tot.
