2242 4009
1094 302 1390 358 ...52-

453 413 670 471 Krantzii
685 410 961 485 exemplum
996 410 1175 466 edocet
1202 408 1254 465 in
1291 408 1498 465 Vandal.
1520 450 1536 480 ‚
1557 406 1647 463 lib.
1672 408 1728 479 8,
1748 426 1799 463 o.
1836 426 1920 483 23,
1946 425 2036 465 me-

454 497 691 554 morantis
714 494 1132 568 christophorum
1154 496 1412 551 Danorum
1441 510 1608 566 regern
1636 493 1825 565 (1280)
1851 492 1900 549 in
1915 511 2036 569 prae-

453 580 521 637 lio
548 580 831 638 bombardae
854 579 955 636 ictu
973 580 1127 637 fuisse
1151 579 1390 637 occisum.
1420 580 1731 652 Argumenta
1756 589 1895 635 certe
1913 579 2036 635 omni

450 663 745 738 exceptione
791 662 978 738 majora
1015 663 1182 720 carnis
1233 662 1430 738 equinae
1468 680 1612 719 usum
1655 672 1760 718 tum
1804 662 1856 718 in
1879 662 2035 734 sacris,

450 761 553 806 tum
602 757 743 804 extra
795 765 855 805 ea
904 749 1257 823 comprobant.
1313 746 1488 804 Refert
1535 747 1633 802 hoc
1675 746 1741 802 de
1788 746 2033 819 Sarmatis,

450 832 665 909 Qadis,
692 830 931 889 Vandalis
959 831 1167 907 aliisque
1204 832 1437 905 gentibus
1482 831 1803 906 Hieronymus
1829 833 2036 889 adversus

446 916 722 985 Iovianum,
754 917 789 974 l.
832 932 883 972 2.
912 913 1314 971 Adventantibus
1353 913 1714 980 christianisin
1755 913 2031 987 lslandiam,

446 1017 558 1055 cum
585 999 651 1056 ob
688 996 945 1072 religionis
972 997 1357 1074 discrepantiam
1405 996 1453 1054 in
1491 998 1616 1054 duas
1645 1008 1818 1073 partes
1858 998 2038 1057 discissi

446 1093 615 1140 essent
637 1082 838 1151 incolat,
868 1080 1205 1155 Thurgeirrus
1220 1082 1598 1157 Nomophylax,
1617 1082 1780 1139 adhuc
1794 1082 2038 1157 ethnicus,

446 1169 539 1223 hac
551 1166 839 1223 conditione
855 1165 1175 1223 concordiam
1195 1164 1326 1237 iniit,
1343 1166 1632 1240 nominique
1655 1166 2035 1225 christianorum

446 1251 669 1326 reliquos
695 1267 987 1307 accessuros
1015 1250 1270 1325 pollicitus
1288 1262 1386 1321 est,
1412 1262 1467 1307 ut
1486 1252 1688 1308 occulto
1719 1251 1867 1308 modo
1902 1270 2040 1309 sacra

448 1347 538 1388 sua
563 1342 878 1406 peragerent,
910 1332 1221 1409 infantesque
1253 1333 1534 1407 exponendi
1562 1343 1614 1390 et
1641 1333 1851 1408 equinas
1868 1352 2041 1392 carnes

442 1412 733 1484 comedendi
769 1412 968 1470 licentia
1001 1414 1306 1471 fruerentur.
1356 1416 1431 1471 lta
1474 1414 1604 1471 enim
1647 1417 1762 1471 Arae
1807 1416 2044 1475 Multiscii

439 1498 637 1555 Schcdae
657 1498 713 1553 de
740 1497 979 1569 IslandiA,
1004 1516 1053 1554 c.
1070 1515 1126 1571 7,
1146 1516 1200 1573 p.
1217 1516 1283 1554 m.
1307 1499 1376 1570 48
1401 1515 1414 1554 :
1442 1520 1471 1549 α
1489 1500 1650 1554 Facto
1662 1497 2041 1572 itaquedicendi

446 1601 475 1629 α
513 1579 634 1649 fine,
664 1580 843 1656 legem,
888 1600 1034 1655 quam
1064 1582 1209 1638 daret
1238 1581 1342 1653 ille,
1378 1600 1434 1637 se
1458 1583 1648 1656 absque
1672 1581 1827 1639 dubio
1857 1601 2044 1661 accep-

441 1685 475 1717 α
511 1674 650 1721 turas
686 1664 903 1722 unanimi
935 1666 1296 1741 promiserunt,
1327 1665 1460 1722 unde
1496 1677 1547 1723 et
1575 1666 1874 1723 christianos
1899 1668 2041 1726 futu-

444 1772 474 1801 «
512 1768 597 1807 ros
614 1767 722 1806 esse
742 1750 965 1820 singulos
993 1748 1355 1824 pronuntiavit,
1387 1761 1439 1807 et
1456 1751 1755 1825 baptismum
1769 1764 2041 1828 susceptu-

441 1856 472 1887 «
511 1853 595 1891 ros
622 1845 872 1910 quotquot
898 1834 947 1890 id
977 1836 1073 1891 huc
1092 1852 1251 1909 usque
1273 1834 1641 1908 denegaverant
1667 1853 1816 1911 posse
1840 1837 2044 1910 quidem

440 1942 469 1971 «
510 1937 598 1976 eos
643 1919 755 1977 Diis
783 1918 1083 1991 sacrificare,
1131 1918 1422 1990 dummodo,
1467 1929 1523 1975 ut
1562 1918 1612 1975 id
1651 1919 1848 1976 occulte
1874 1918 2047 1989 fieret,

439 2026 470 2056 (ε
508 2024 713 2080 operam
731 2006 931 2077 darent,
954 2005 1062 2080 ejus
1085 2004 1214 2062 enim
1262 2003 1482 2060 criminis
1516 2022 1608 2077 per
1633 2013 1798 2061 testes
1827 2003 2050 2060 convic-

439 2110 470 2140 α
506 2099 588 2145 tos
634 2090 766 2146 exilii
812 2108 1010 2164 poenam
1056 2089 1291 2160 daturos3
1326 2086 1504 2144 iterum
1533 2087 1793 2144 habituros
1829 2106 1921 2144 eos
1960 2086 2052 2145 in-

436 2201 466 2228 «
504 2172 666 2228 fantes
696 2173 979 2248 exponendi
1006 2184 1057 2229 et
1080 2172 1288 2248 equinas
1313 2190 1488 2228 carnes
1520 2171 1697 2228 edendi
1724 2171 2050 2229 licentiam.»

436 2255 521 2313 Cf.
576 2255 711 2311 Oddi
762 2256 999 2313 Monachi
1042 2257 1174 2331 Saga
1241 2274 1319 2312 om
1365 2260 1432 2314 K.
1499 2257 1645 2329 Oloff
1689 2258 2054 2331 Tryggwazon‚

433 2358 546 2416 cap.
578 2341 669 2413 87,
701 2358 754 2413 p.
794 2359 908 2413 ¹40·
942 2342 1017 2396 En
1049 2339 1323 2397 Ecclesiam
1346 2341 1634 2415 plantatam
1655 2340 1859 2397 lSuecis
1885 2340 2049 2399 etiam

428 2443 491 2481 ea
527 2422 768 2480 sacrificia
792 2425 1063 2498 exprobrat
1083 2426 1140 2481 S.
1161 2426 1318 2481 Olaus
1339 2442 1553 2499 pugnam
1580 2443 1694 2481 cum
1712 2424 1772 2480 iis
1795 2423 2048 2483 initurus:

437 2530 465 2562 α
507 2510 616 2564 Rex
644 2507 979 2581 respondebat
1011 2508 1296 2564 Sueonibus
1319 2508 1512 2565 facilius
1547 2508 1654 2565 fore
1675 2508 1827 2565 credo
1843 2509 2058 2565 multo-

432 2614 462 2644 «
496 2609 595 2667 que
618 2591 902 2665 exoptatius
944 2591 1296 2648 sacrificiorum
1349 2610 1552 2648 suorum
1598 2594 1784 2650 lebetes
1812 2591 2057 2651 delibare

430 2698 460 2726 (ε
499 2693 647 2749 quam
686 2677 949 2731 Draconem
986 2676 1188 2749 longum
1217 2681 1411 2747 (navem
1451 2675 1638 2750 regiam
1680 2678 1816 2747 Oiai)
1850 2694 2062 2733 ascen-

432 2784 461 2809 «
504 2759 626 2815 dere
654 2758 799 2817 nobis
826 2759 1231 2830 defendentibus,
1265 2760 1509 2833 nobisque
1533 2771 1584 2816 et
1613 2760 1796 2817 nostris
1826 2760 2063 2818 navibus

428 2864 461 2893 α
499 2841 687 2916 aliquid
708 2843 931 2901 officere.
970 2846 1099 2918 Spes
1135 2842 1369 2917 quoniam
1409 2842 1542 2912 mihi,
1587 2862 1828 2919 equorum
1875 2864 2056 2902 vora-

430 2945 461 2975 «
499 2934 638 2983 tores
660 2927 803 2985 nobis
842 2947 940 2985 non
984 2945 1094 2983 esse
1122 2927 1392 2989 timendos.
1437 2950 1467 2981 1>
1498 2929 1584 2985 Cf.
1637 2928 1860 2995 Oddum,
1897 2930 1938 2985 l.
1967 2949 2060 3002 c.,

430 3007 519 3077 66,
570 3026 622 3082 p.
684 3028 787 3083 230
833 3030 845 3067 :
910 3035 935 3063 «
979 3011 1139 3067 Olaus
1182 3010 1356 3067 sedulo
1405 3011 1687 3087 inquirebat
1729 3032 1831 3088 quo
1873 3026 2057 3088 pacto
