2242 4009
1086 280 1372 352 -56-

502 408 553 465 8.
585 409 663 462 An
688 422 829 479 ergo,
859 403 1041 478 inquis,
1072 404 1251 460 suades
1280 415 1336 461 ut
1363 403 1591 478 equinam
1622 422 1820 461 carnem
1848 407 2014 465 culinis

432 490 614 547 nostris
640 487 939 545 reddamus?
960 489 1079 544 Non
1106 487 1316 544 suadeo.
1341 490 1472 545 Sunt
1510 488 1664 559 enim,
1705 501 1761 546 ut
1785 489 1835 545 in
1864 493 2022 548 omnl-
2081 497 2086 503 '

432 576 546 641 bus,
568 574 637 629 ita
661 573 739 628 liic
765 590 965 646 quoque
986 588 1184 629 errores
1206 573 1476 647 populares
1492 582 1545 629 et
1564 572 1891 645 universales,
1914 575 2019 648 qui-

431 660 524 715 bus
551 675 651 713 non
676 655 769 712 nisi
800 657 999 729 longum
1023 667 1223 730 tempus
1249 655 1495 712 medetur.
1533 655 1837 713 Pontificum
1864 668 2017 714 tamen

430 744 630 799 decreta
660 760 757 797 non
784 740 1037 816 improbo,
1062 758 1176 815 quae
1206 759 1347 797 usum
1385 740 1580 815 equinae
1626 741 1791 797 carnis
1821 743 2019 799 TUNC

432 827 815 883 TEMPORIS
862 825 1249 882 interdicebant.
1295 826 1557 898 Agendum
1601 825 1729 881 enim
1774 836 1882 882 erat
1914 845 2018 882 cum

433 912 716 968 hominibus
743 922 800 968 ut
823 911 1131 986 simplicibus
1157 910 1225 967 ita
1249 910 1433 967 veteris
1473 909 1843 984 superstitionis
1879 920 2022 966 tena-

431 996 635 1069 cissimi,
672 996 853 1071 quibus
880 994 1041 1051 omnis
1069 1013 1188 1051 ansa
1213 995 1277 1051 ad
1318 995 1452 1050 avita
1491 993 1819 1049 deliramenta
1856 1010 2021 1048 rever-

428 1079 565 1134 tendi
591 1078 923 1154 praeripienda
958 1087 1010 1135 et
1038 1076 1363 1133 rescindenda
1407 1086 1535 1133 erat.
1586 1076 1822 1150 Improbo
1861 1086 2021 1131 autem

433 1161 630 1216 modum
658 1162 791 1217 illum
807 1160 1045 1217 veritates
1068 1158 1377 1235 propagandi
1417 1170 1469 1215 et
1500 1176 1676 1234 poenas
1708 1157 1840 1214 exilii
1869 1156 2028 1233 adjec-

432 1254 512 1300 tas
546 1263 659 1318 quae
688 1244 915 1317 spiritum
949 1242 1073 1300 Eliae
1119 1243 1288 1319 potius
1314 1244 1534 1318 produnt
1574 1262 1721 1318 quam
1767 1243 2028 1317 genuinam

433 1327 710 1383 Salvatoris
746 1328 875 1383 viam
920 1329 983 1384 ab
1016 1327 1262 1402 apostolis
1311 1338 1413 1383 tam
1451 1326 1582 1384 felici
1620 1339 1801 1383 eventu
1836 1327 2030 1385 tritam.

433 1411 637 1468 Scilicet
673 1411 857 1468 veritas
902 1412 1181 1470 rationibus
1207 1412 1568 1487 persuadetur,
1613 1430 1713 1468 non
1753 1414 1804 1468 vi
1835 1423 2030 1468 metuve

434 1495 734 1554 inculcatur.
762 1498 825 1554 Et
850 1497 1099 1573 profect0‚
1127 1496 1167 1553 si
1198 1496 1398 1552 modum
1429 1495 1664 1571 inspicias
1696 1513 1798 1570 quo
1820 1494 2033 1569 majores

434 1580 590 1636 nostri
621 1581 690 1654 ad¹
714 1599 854 1637 sacra
880 1580 1149 1637 christiana
1164 1579 1296 1637 illius
1315 1579 1556 1655 temporis
1573 1580 1713 1635 fuere
1729 1578 2028 1646 transducti,

433 1663 630 1720 dubites
654 1676 812 1735 certe,
834 1664 1075 1738 majorine
1088 1664 1400 1738 stupiditate,
1436 1674 1546 1732 aut,
1568 1664 1608 1719 si
1637 1664 1814 1731 mavis,
1841 1662 2032 1737 simpli-

433 1747 604 1819 citate,
658 1748 727 1803 illi
776 1746 1085 1823 susceperint
1131 1766 1272 1803 sacra
1327 1748 1386 1804 iis
1425 1747 1605 1804 seculis
1655 1746 1880 1821 pluribus
1925 1747 2033 1803 fere

436 1830 674 1888 abusibus
726 1832 950 1888 involuta
974 1873 989 1901 ,
1037 1850 1184 1905 quam
1228 1832 1448 1906 ipsorum
1494 1830 1787 1906 superstitio
1831 1830 2037 1904 gentilis

432 1926 538 1971 erat
555 1916 661 1989 (ᾗς
680 1934 743 1971 an
754 1914 1055 1972 insolentior
1070 1925 1121 1971 et
1137 1916 1200 1971 ab
1212 1913 1345 1970 omni
1365 1933 1485 1971 sana
1499 1915 1694 1971 ratione
1708 1915 1870 1972 aliena
1880 1915 2038 1971 fuerit

433 1998 701 2072 primorum
754 2016 1109 2055 conversorum
1176 1997 1440 2053 methodus
1491 1998 1751 2054 veritatem
1809 1997 2031 2053 divinam

432 2081 762 2155 propagandi.
798 2083 926 2157 Qiis
948 2082 1073 2138 enim
1104 2100 1225 2138 sana
1251 2092 1415 2137 mente
1445 2082 1685 2156 praeditus
1701 2099 1800 2137 non
1825 2081 2037 2155 indigne

429 2166 555 2221 ferat
594 2166 857 2222 Eivindum
918 2166 1142 2222 maximis
1197 2164 1502 2223 cruciatibus
1559 2178 1787 2223 necatum
1815 2184 1819 2188 ’
1849 2165 2033 2235 fuisse,

433 2260 604 2323 patera
628 2249 930 2306 carbonibus
956 2250 1123 2323 ignitis
1158 2250 1345 2325 repleta
1381 2248 1542 2305 ventri
1575 2248 1682 2323 ejus
1719 2250 1942 2322 admota,
1969 2267 2038 2304 ea

431 2333 589 2389 solum
608 2350 669 2387 ex
686 2351 858 2403 causa,
884 2335 1020 2407 quod
1036 2335 1418 2391 christianorum
1439 2333 1615 2404 sacriS,
1637 2334 1803 2389 nescio
1819 2332 2036 2407 quibuS‚

431 2416 585 2471 nollet
615 2415 835 2472 initiari?
874 2417 1023 2488 (Vide
1070 2417 1341 2474 Snorronis
1379 2419 1518 2474 vitam
1561 2419 1620 2475 S.
1656 2420 1775 2474 Olai
1815 2419 2043 2491 Trygvo-

430 2499 505 2556 nis
533 2500 659 2574 filii,
692 2519 786 2576 cap
838 2501 951 2573 82.)
991 2512 1041 2560 et
1073 2502 1397 2559 miserrimam
1433 2502 1731 2577 Eivindique
1771 2500 2041 2558 cruciatus

431 2584 586 2639 multo
641 2584 959 2640 excedentem
1008 2597 1218 2642 mortem
1253 2585 1461 2656 Raderi,
1511 2602 1658 2659 quam
1701 2602 1798 2641 non
1826 2582 1926 2639 alia
1967 2572 2037 2638 ex

429 2684 578 2723 causa
608 2666 780 2741 subiit,
823 2668 999 2725 eodem
1027 2680 1354 2741 memorante,
1384 2671 1417 2725 l.
1450 2689 1522 2742 c.‚
1554 2687 1600 2726 c.
1629 2670 1720 2727 86.
1748 2669 1904 2725 Olaiis
1941 2685 2044 2723 rex

430 2751 535 2824 ipse
562 2750 773 2823 gentiles
798 2770 1055 2826 quosquos
1083 2753 1348 2826 detegebat
1364 2754 1541 2810 misera
1567 2763 1726 2810 morte
1752 2761 1840 2808 aut
1861 2769 2041 2807 mem·

429 2834 628 2890 brorum
658 2836 968 2893 mutilatione
998 2837 1059 2893 ad
1088 2855 1229 2894 sacra
1268 2838 1536 2894 christiana
1565 2837 1818 2911 adigebat,
1845 2835 2039 2907 (ibid.,

430 2934 477 2971 c.
512 2919 593 2990 58.
632 2928 682 2976 et
718 2922 827 2993 69).
871 2920 1006 2977 ldem
1047 2919 1142 2995 jam
1190 2931 1305 2978 ante
1351 2922 1537 2979 fecerat
1569 2920 1784 2978 Carolus
1822 2922 1930 2991 M„
1979 2918 2041 2975 in

433 3000 785 3073 Cupilulnlinne
805 3006 857 3061 tia:
901 3005 1113 3077 partibus
1157 3005 1410 3077 Simonias,
1454 3006 1718 3081 capstffll,
1746 3014 1978 3061 statuens
2022 3024 2038 3061 ;
