2242 4009
1091 257 1377 328 ...58-

442 384 624 457 cuique
646 398 788 456 aeque
812 380 1031 454 potuerit
1055 380 1217 461 reddi,
1250 380 1331 436 alii
1366 378 1654 454 dispiciam.
1699 380 1869 436 Ceteri
1915 394 2042 453 gen-

442 468 556 524 tiles
574 465 739 541 quoad
757 464 978 540 potiores
1005 476 1173 540 partes
1184 466 1420 521 tenebant
1445 465 1642 539 culpam
1667 463 1887 521 omnium
1912 465 2042 522 cala-

449 550 695 618 mitatum,
722 547 903 622 quibus
924 560 1072 605 terrae
1102 550 1474 623 premebantur,
1498 548 1548 604 in
1582 548 1882 604 christianos
1902 558 2039 605 tran-

441 644 670 709 segerant
685 633 902 707 odioque
923 632 1220 708 implacabili
1239 652 1358 704 erga
1371 652 1463 690 eos
1479 632 1742 701 ardebant,
1758 632 2037 689 christianis

439 716 621 773 frustra
657 716 884 791 spiritum
933 718 1215 775 tolerantiae
1249 729 1302 774 et
1347 716 1601 791 religionis
1649 716 1928 773 libertatem
1951 734 2038 789 per

440 802 784 873 Symmachum
826 801 1211 859 inculcantibus.
1243 801 1479 874 Origen„
1515 819 1563 857 c.
1609 818 1694 871 24,
1735 801 1787 857 in
1829 802 2034 871 Mennim

439 886 494 941 S.
525 884 792 959 Cypriam,
819 884 962 942 initio
990 885 1099 942 libri
1131 885 1194 941 ad
1231 886 1634 956 Demetrianum;
1661 884 1883 954 Arnob.,
1907 885 1944 939 Ι.
1987 902 2030 956 ι,

440 968 679 1040 ΤεηιιΙΙ.,
716 969 888 1043 Apol„
916 984 967 1023 c.
1012 986 1101 1040 40.
1133 966 1271 1024 Nihil
1314 978 1478 1023 tamen
1524 977 1611 1023 aut
1655 984 1828 1041 parum
1870 965 2035 1039 (cujus

439 1050 571 1108 modi
608 1051 771 1108 locum
811 1068 963 1126 supra
996 1050 1310 1120 adduximus)
1347 1067 1454 1105 eam
1483 1050 1551 1106 ob
1576 1066 1676 1105 rem
1707 1068 1736 1105 a
1763 1046 2033 1121 majoribus

438 1134 622 1191 nostris
638 1144 823 1191 motum
839 1144 1115 1190 memorant
1132 1133 1352 1189 Annales
1364 1132 1544 1205 gentis.
1581 1131 1851 1189 Christiani
1865 1141 2032 1189 autem

434 1218 585 1275 etiam
624 1218 673 1274 in
710 1217 925 1291 Imperio
960 1219 1189 1274 Romano
1219 1217 1503 1291 superiores
1541 1217 1657 1273 facti
1689 1217 1754 1273 ab
1777 1233 1855 1286 ea,
1882 1233 2031 1289 quam

435 1300 577 1357 initio
603 1309 859 1357 suaserant
885 1300 1152 1373 gentilibus
1181 1299 1328 1357 animi
1353 1299 1702 1357 moderatione
1731 1318 1790 1355 ac
1819 1315 2036 1354 conces-

433 1384 574 1441 sione
617 1382 762 1457 hujus
797 1383 1072 1456 libertatis,
1109 1402 1257 1458 quam
1305 1385 1570 1441 maximum
1603 1386 1786 1443 bonum
1837 1398 2030 1445 naturae

434 1470 659 1524 humanae
682 1478 833 1541 atque
870 1469 1163 1524 mortalibus
1201 1468 1518 1542 congenitum
1557 1480 1672 1525 ante
1718 1482 2034 1527 asseruerant

432 1554 595 1609 statim
632 1563 940 1610 recesserunt
974 1571 1063 1626 par
1095 1552 1200 1626 pari
1234 1553 1522 1609 referentes.
1559 1554 1687 1609 Vide
1721 1555 1970 1611 Novellam
2003 1575 2026 1629 3

440 1638 732 1695 Theodosii.
774 1639 853 1695 Ab
874 1656 936 1695 eo
954 1648 1118 1693 tamen
1168 1637 1304 1712 pacis
1332 1639 1500 1694 studio
1523 1638 1769 1695 abfuerint
1798 1639 1950 1710 Galli,
1991 1640 2032 1695 si

439 1726 517 1780 M.
550 1724 616 1779 Τ.
644 1722 877 1779 Ciceroni
902 1721 1026 1778 fides
1056 1722 1282 1779 habenda
1310 1722 1395 1796 qui
1429 1722 1477 1778 in
1505 1728 1735 1780 oratione
1768 1741 1860 1797 pro
1891 1726 2032 1780 Fon-

433 1807 558 1880 teio,
586 1829 615 1860 α
652 1819 859 1878 eceteras,
890 1806 1081 1880 inquit,
1106 1819 1264 1881 gemes
1303 1825 1390 1881 pro
1428 1807 1730 1881 religionibus
1780 1808 1878 1864 suis
1906 1809 2030 1865 bella

433 1913 466 1943 ι(
500 1892 747 1965 suscipere,
777 1892 947 1949 Gallos
986 1903 1146 1947 comm
1177 1891 1388 1947 omnium
1425 1891 1738 1964 religiones.»
1777 1891 1880 1965 Qui
1907 1908 2028 1949 vero

428 1976 644 2051 penitius
692 1995 792 2033 rem
840 1974 1112 2051 inspexerit
1147 1973 1488 2050 deprehendet
1513 1975 1732 2031 Tullium
1758 1976 1840 2031 hic
1861 1992 2026 2033 causae

432 2060 585 2134 magis
607 2078 755 2134 quam
772 2058 968 2116 veritati
988 2058 1272 2114 inserviisse
1290 2057 1352 2113 ad
1371 2058 1739 2132 deprimendam
1768 2059 2028 2116 Gallorum

428 2143 596 2215 fidem,
626 2144 709 2218 qui
753 2154 929 2199 contra
969 2146 1046 2199 M.
1095 2142 1362 2199 Fonteium
1399 2141 1737 2198 testimonium
1780 2143 2026 2202 ferebant.

432 2232 562 2286 Nam
595 2228 675 2300 iis,
716 2246 827 2302 quae
850 2228 1021 2284 eadem
1061 2226 1291 2283 oratione
1335 2226 1398 2282 de
1444 2238 1733 2302 contemptu
1782 2230 2028 2301 Deorum,

426 2310 655 2386 perjuriis
681 2320 732 2366 et
775 2309 1043 2366 sceleribus
1068 2310 1326 2366 Gallorum
1354 2310 1403 2365 in
1430 2310 1642 2365 medium
1675 2311 1884 2385 profert,
1919 2311 2030 2385 ipse

426 2393 706 2451 contrarius
725 2402 803 2448 est
831 2392 879 2448 in
910 2395 927 2448 1
958 2394 1013 2448 de
1039 2393 1251 2449 Divinat.
1289 2395 1367 2448 De
1400 2394 1658 2451 moderato
1693 2405 1828 2450 certe
1859 2394 2028 2451 animo

430 2476 684 2551 gentilium
709 2476 1169 2549 septentrionalium
1193 2477 1494 2533 luculentum
1521 2476 1870 2533 documentum
1897 2496 2028 2551 prae-

425 2565 509 2619 bet
536 2558 762 2617 Historia
782 2561 897 2616 Olai
921 2559 1075 2632 Regis
1095 2562 1368 2615 Suecorum
1385 2560 1655 2617 Christiani
1680 2562 1762 2635 qui
1791 2562 2020 2635 regnavit

420 2666 553 2705 anno
570 2649 695 2722 980.
720 2656 836 2721 post
874 2655 1039 2701 natum
1078 2645 1331 2701 Christum
1374 2660 1808 2719 cognomentoque
1830 2646 2020 2703 Skam-

421 2735 633 2806 Konung
653 2730 853 2787 dicitur.
889 2732 936 2785 ls
964 2728 1190 2785 subditos
1230 2729 1322 2784 sibi
1356 2730 1571 2803 populos
1613 2730 1675 2786 ad
1692 2729 2018 2786 christianam

418 2815 593 2870 volens
620 2826 910 2888 convertere
934 2813 1099 2883 fidem,
1129 2831 1307 2885 magno
1326 2815 1571 2870 laboravit
1595 2814 1782 2885 studi0,
1812 2826 1867 2871 ut
1885 2826 2016 2871 tem-

421 2899 549 2970 plum
582 2899 788 2971 Upsala‚
809 2899 941 2972 quod
962 2898 1008 2953 in
1041 2898 1203 2953 medio
1220 2899 1452 2954 Sueoniae
1468 2898 1613 2955 situm
1635 2912 1760 2969 erat,
1791 2899 2020 2956 destrue-

422 2992 573 3037 retur.
604 2982 761 3053 Cujus
784 2982 1105 3037 intentionem
1119 2981 1308 3053 »pagani
1344 2992 1618 3041 metuentes
1641 2983 1874 3053 placitum
1903 3002 2015 3041 cum
