2242 4009
312 418 328 450 n
347 396 491 454 christiane
504 394 633 468 religionis
652 413 722 453 secra
741 414 786 472 per
807 396 896 453 lslsndi

313 504 329 534 e
348 500 407 556 quae
420 480 505 537 multis
518 479 600 536 modis
611 479 645 536 ibi
659 480 806 538 labefactata
823 500 889 555 aegre

311 590 326 619 e
346 566 442 641 quippe
460 565 519 638 luit,
540 563 683 621 christianae
710 564 837 639 religionis
856 566 899 622 add

315 673 330 701 α
349 648 442 724 equina
460 648 526 705 vesci
546 664 637 717 carne,
658 664 687 703 ac
701 665 853 721 paganorum
871 648 899 705 rit

312 756 329 787 ι
347 750 436 789 recens
451 743 524 788 natos
549 746 685 805 exponere,
707 731 804 805 aliaque
824 732 849 787 in
868 733 899 788 rel

314 844 329 869 u
351 817 432 873 brium
454 815 560 873 nefanda
587 824 731 889 perpetrare
752 833 839 889 opera.
862 836 875 869 n
895 820 899 873 l

311 901 391 958 veluti
402 899 531 973 proprium
550 899 714 973 reputabatur
725 899 873 973 (praesertim
886 918 897 956 s

314 1005 394 1063 pore,
422 1004 478 1041 cum
497 982 634 1041 Christiani
666 982 739 1039 etiam
761 1001 851 1041 novum
873 986 899 1040 b<

311 1088 350 1127 cae
366 1069 419 1125 sive
434 1067 519 1143 potiis
537 1064 679 1123 Pontificiae
697 1065 780 1140 jugum
800 1067 899 1124 subiera

314 1152 414 1228 equinis
430 1160 583 1207 vesceretur.
613 1151 676 1205 Rem
704 1149 817 1224 apprime
840 1150 899 1207 illus*

318 1236 399 1311 Regis
412 1232 549 1292 Christiani
566 1233 678 1289 liaconis
691 1233 743 1289 sive
758 1234 882 1308 Hacquini
898 1238 899 1243 ’

316 1320 449 1377 dicebatur
462 1316 609 1374 ndalsueinii
632 1316 698 1373 filius
716 1316 851 1391 adoptivus
866 1336 898 1393 ap

318 1408 425 1478 Konung
440 1402 528 1459 Halon
542 1402 670 1458 Adalstms
685 1404 781 1458 Fostres
794 1402 870 1477 Saga,
889 1422 899 1458 c

319 1514 336 1545 ι
356 1500 478 1565 postero,
494 1504 551 1543 eum
568 1485 712 1542 admensus
729 1486 897 1543 accumbendu

320 1595 337 1625 ι
357 1570 475 1647 proprius
490 1569 612 1625 adeuntes
632 1568 747 1625 ruricolae
767 1569 880 1644 equinam

317 1681 333 1708 n
354 1655 451 1730 jubent.
476 1653 576 1729 Qtibus
600 1670 655 1708 eum
676 1668 830 1727 nequaquam
858 1672 898 1710 ass

317 1764 333 1791 a
354 1739 452 1813 iusculo
464 1736 626 1793 hauriendum
645 1736 763 1793 offerunt.
779 1737 855 1812 Qtod
875 1757 899 1794 cu

317 1836 335 1877 e<
354 1834 422 1880 sanet
434 1866 442 1895 ,
455 1821 630 1897 pinguedinem
649 1821 751 1877 omnino
771 1840 820 1877 non
836 1822 899 1878 insue

319 1932 335 1957 ιι
354 1906 451 1963 dicunt.
463 1905 513 1962 Sed
527 1916 553 1962 et
566 1908 619 1962 haec
640 1904 785 1962 adversatus
805 1905 897 1961 fercula

315 2016 331 2044 e
352 1990 412 2065 quin
434 1988 569 2045 discrimini
589 1989 746 2063 propinquus
765 1988 862 2045 luisset.
883 1991 898 2057 ll

317 2101 332 2127 a
353 2076 437 2131 larlus
450 2076 546 2147 Regem
560 2074 790 2147 obtemperaturum
813 2090 897 2147 respon

320 2181 336 2212 u
354 2156 854 2233 ipsistrepituetturbadesisterent.lpse
864 2157 895 2213 de

319 2266 336 2297 n
355 2244 412 2318 ples
425 2252 491 2305 orat,
507 2252 537 2299 ut-
547 2258 643 2316 pronus
654 2260 730 2316 supra
744 2242 849 2298 lebetem
868 2260 894 2298 se

318 2350 336 2380 e
355 2328 404 2384 biis
422 2325 579 2383 solummodo
593 2326 710 2382 extremis
724 2324 778 2399 eius
789 2336 895 2383 sustenta

317 2434 336 2465 e
354 2412 424 2468 velit.
448 2409 490 2467 Sic
502 2428 634 2483 aggressus
649 2412 713 2481 Rex,
727 2410 855 2467 linteolum
874 2411 894 2467 lu

318 2518 333 2547 e
354 2494 472 2551 extremis
483 2494 658 2551 tantummodo
666 2493 894 2569 labiisapprehendi

322 2608 335 2629 u
356 2580 422 2654 pam
443 2596 570 2653 occupans
591 2578 687 2647 sellam,
704 2580 813 2636 omnium
828 2598 882 2650 ore,

318 2686 335 2718 α
355 2662 444 2737 populi
457 2663 520 2719 bene
533 2662 653 2737 placitum
668 2664 746 2738 probe
757 2662 836 2736 gestis
847 2664 892 2719 cell

318 2761 359 2806 ter
372 2767 429 2824 cap.
448 2767 478 2821 ¹9
492 2767 498 2804 ι
514 2770 530 2801 e
542 2752 619 2805 Festo
632 2747 672 2804 die
685 2748 790 2803 maxime
803 2749 892 2805 solemn

322 2855 340 2887 o
359 2832 475 2889 ruricolae
492 2832 619 2889 sacrificiis
633 2833 681 2890 rite
696 2832 768 2891 litere
780 2831 876 2907 jubent,

315 2930 340 2972 'e
359 2916 415 2973 rius
435 2934 491 2974 eum
514 2917 662 2975 evitaturum
682 2936 736 2976 esse
761 2918 890 2976 discrimen

322 3025 339 3050 «
360 3000 444 3057 larius
457 3003 563 3072 (comes)
577 3000 672 3059 medius
685 3001 839 3061 intercedens
853 3020 883 3059 eo
