2242 4009
22 1606 46 1634 υ

507 547 647 602 ..62-

183 672 241 736 bere
253 687 283 726 ex
295 674 309 740 ᾗ
323 672 367 738 66,
382 689 557 746 responsorum
573 671 715 728 eorumdem
730 672 802 728 elicio
822 692 827 727 :
846 694 860 723 ιι
872 675 984 730 Graecos

184 775 197 803 «
218 753 349 829 prohibere
372 772 416 810 vos
440 755 550 812 asseritis
564 773 620 811 cum
644 755 750 828 ligatura
766 756 846 827 lintei,
861 774 935 830 quam
956 759 984 814 in

184 860 199 890 ι
218 838 299 912 capite
313 839 424 911 gestatis,
443 839 579 896 Ecclesiam
600 839 709 908 intrare;
729 841 796 913 quod
817 858 863 896 nos
880 859 985 916 quoque

173 944 199 1000 y«
218 923 329 980 similiter
342 942 391 978 non
409 924 454 979 abs
475 941 502 979 re
527 923 632 980 forsitan
659 922 797 980 inhibemus
816 943 823 980 :
843 942 898 980 nam
913 943 984 994 saepe

184 1029 200 1058 (t
215 1017 363 1064 memoratus
377 1025 406 1062 ac
424 1025 520 1081 semper
535 1008 709 1064 memorandus
729 1009 867 1082 Apostolus
887 1009 985 1065 Paulus

185 1111 200 1142 «
219 1091 274 1147 ait:
291 1090 379 1147 Omnis
390 1090 428 1146 vir
441 1108 525 1161 orans,
539 1093 691 1166 prophetans
713 1093 795 1153 velato
813 1091 910 1164 capite,
933 1091 986 1147 de-

187 1199 200 1225 ιι
220 1184 305 1247 turpat
323 1186 398 1249 caput
411 1193 491 1232 suum.
505 1177 538 1232 Et
553 1177 642 1232 iterum
657 1194 663 1229 ε
676 1175 722 1231 Vir
735 1175 833 1250 quidem
848 1193 897 1230 non
906 1174 984 1231 debet

186 1280 199 1308 α
222 1258 302 1314 velare
318 1269 403 1332 caput,
424 1257 539 1333 quoniam
559 1257 641 1332 imago
658 1261 696 1329 (ι)
717 1269 755 1314 est
776 1258 822 1313 Dei
836 1259 891 1331 (2),
913 1259 983 1331 quod

186 1361 201 1392 ιι
220 1341 284 1397 enim
298 1342 329 1397 de
341 1343 461 1398 velamine
475 1343 534 1414 dici,
550 1342 622 1399 etiam
639 1343 670 1398 de
682 1342 794 1415 ligaturae
803 1341 926 1397 volumine
940 1342 985 1398 de-

187 1443 203 1476 c
224 1425 275 1496 bet,
291 1425 422 1493 credimus,
435 1426 572 1482 observari.
589 1445 605 1479 n
619 1425 694 1500 Apud
708 1427 788 1482 Labb.
794 1471 801 1497 ‚
815 1444 840 1499 p.
861 1420 920 1498 53'9.

217 1579 253 1642 (ι)
270 1590 292 1628 et
307 1581 385 1642 gloria.

218 1670 253 1732 (2)
269 1675 320 1720 Cor.
333 1686 365 1730 xl,
377 1685 391 1730 4
401 1680 422 1718 et
432 1684 454 1730 7.
